<?xml version="1.0" encoding="UTF-8"?>
<!DOCTYPE html PUBLIC "-//W3C//DTD XHTML 1.0 Transitional//EN"
    "http://www.w3.org/TR/xhtml1/DTD/xhtml1-transitional.dtd">
<html xmlns="http://www.w3.org/1999/xhtml" xml:lang="en" lang="en">
 <head>
  <title>
</title>
<meta http-equiv="Content-Type" content="text/html;charset=utf-8" />
  <meta name='ocr-system' content='tesseract 3.04.00' />
  <meta name='ocr-capabilities' content='ocr_page ocr_carea ocr_par ocr_line ocrx_word'/>
</head>
<body>
  <div class='ocr_page' id='page_1' title='image "./senecastragedie01millgoog_0023.png"; bbox 0 0 2432 3838; ppageno 0'>
   <div class='ocr_carea' id='block_1_1' title="bbox 376 282 1004 346">
    <p class='ocr_par' dir='ltr' id='par_1_1' title="bbox 376 282 1004 346">
     <span class='ocr_line' id='line_1_1' title="bbox 376 282 1004 346; baseline -0.01 0"><span class='ocrx_word' id='word_1_1' title='bbox 376 289 465 346; x_wconf 88' lang='lat' dir='ltr'><strong>THE</strong></span> <span class='ocrx_word' id='word_1_2' title='bbox 491 285 731 345; x_wconf 81' lang='lat' dir='ltr'>TRAGEDIES</span> <span class='ocrx_word' id='word_1_3' title='bbox 760 285 815 344; x_wconf 88' lang='lat' dir='ltr'><strong>OF</strong></span> <span class='ocrx_word' id='word_1_4' title='bbox 843 282 1004 343; x_wconf 82' lang='lat' dir='ltr'>SENECA</span> 
     </span>
    </p>
   </div>
   <div class='ocr_carea' id='block_1_2' title="bbox 333 400 1137 1926">
    <p class='ocr_par' dir='ltr' id='par_1_2' title="bbox 333 400 1137 1926">
     <span class='ocr_line' id='line_1_2' title="bbox 357 400 885 479; baseline -0.008 -17"><span class='ocrx_word' id='word_1_5' title='bbox 357 407 465 462; x_wconf 89' lang='lat' dir='ltr'><strong>nimias</strong></span> <span class='ocrx_word' id='word_1_6' title='bbox 479 423 599 479; x_wconf 85' lang='lat' dir='ltr'>semper</span> <span class='ocrx_word' id='word_1_7' title='bbox 613 406 757 460; x_wconf 81' lang='lat' dir='ltr'><strong>comitata</strong></span> <span class='ocrx_word' id='word_1_8' title='bbox 771 400 885 470; x_wconf 87' lang='lat' dir='ltr'><strong>domos,</strong></span> 
     </span>
     <span class='ocr_line' id='line_1_3' title="bbox 355 483 870 564; baseline -0.01 -20"><span class='ocrx_word' id='word_1_9' title='bbox 355 505 429 564; x_wconf 87' lang='lat' dir='ltr'><strong>quas</strong></span> <span class='ocrx_word' id='word_1_10' title='bbox 443 490 476 543; x_wconf 91' lang='lat' dir='ltr'><strong>in</strong></span> <span class='ocrx_word' id='word_1_11' title='bbox 489 485 613 561; x_wconf 86' lang='lat' dir='ltr'><strong>planum</strong></span> <span class='ocrx_word' id='word_1_12' title='bbox 627 483 783 562; x_wconf 85' lang='lat' dir='ltr'><strong>quaelibet</strong></span> <span class='ocrx_word' id='word_1_13' title='bbox 795 483 870 540; x_wconf 88' lang='lat' dir='ltr'><strong>hora</strong></span> 
     </span>
     <span class='ocr_line' id='line_1_4' title="bbox 356 567 565 625; baseline -0.01 0"><span class='ocrx_word' id='word_1_14' title='bbox 356 567 430 625; x_wconf 87' lang='lat' dir='ltr'><strong>tulit</strong></span> <span class='ocrx_word' id='word_1_15' title='bbox 444 586 482 624; x_wconf 84' lang='lat' dir='ltr'><strong>ex</strong></span> <span class='ocrx_word' id='word_1_16' title='bbox 495 567 565 624; x_wconf 87' lang='lat' dir='ltr'><strong>alto.</strong></span> 
     </span>
     <span class='ocr_line' id='line_1_5' title="bbox 397 643 985 722; baseline -0.009 -18"><span class='ocrx_word' id='word_1_17' title='bbox 397 648 484 707; x_wconf 87' lang='lat' dir='ltr'><strong>Licet</strong></span> <span class='ocrx_word' id='word_1_18' title='bbox 498 667 581 705; x_wconf 88' lang='lat' dir='ltr'><strong>arma</strong></span> <span class='ocrx_word' id='word_1_19' title='bbox 594 654 704 704; x_wconf 86' lang='lat' dir='ltr'><strong>vacent</strong></span> <span class='ocrx_word' id='word_1_20' title='bbox 718 653 899 722; x_wconf 73' lang='lat' dir='ltr'>cessentque</span> <span class='ocrx_word' id='word_1_21' title='bbox 913 643 985 714; x_wconf 89' lang='lat' dir='ltr'><strong>doli,</strong></span> 
     </span>
     <span class='ocr_line' id='line_1_6' title="bbox 357 728 813 807; baseline -0.009 -20"><span class='ocrx_word' id='word_1_22' title='bbox 357 730 461 788; x_wconf 89' lang='lat' dir='ltr'><strong>sidunt</strong></span> <span class='ocrx_word' id='word_1_23' title='bbox 474 734 539 807; x_wconf 93' lang='lat' dir='ltr'><strong>ipso</strong></span> <span class='ocrx_word' id='word_1_24' title='bbox 553 728 689 806; x_wconf 91' lang='lat' dir='ltr'><strong>pondere</strong></span> <span class='ocrx_word' id='word_1_25' title='bbox 703 747 813 804; x_wconf 81' lang='lat' dir='ltr'><strong>magna</strong></span> 
     </span>
     <span class='ocr_line' id='line_1_7' title="bbox 356 809 824 889; baseline -0.009 -20"><span class='ocrx_word' id='word_1_26' title='bbox 356 811 499 889; x_wconf 84' lang='lat' dir='ltr'><strong>ceditque</strong></span> <span class='ocrx_word' id='word_1_27' title='bbox 514 815 599 869; x_wconf 88' lang='lat' dir='ltr'><strong>oneri</strong></span> <span class='ocrx_word' id='word_1_28' title='bbox 615 809 748 879; x_wconf 77' lang='lat' dir='ltr'><strong>Fortuna</strong></span> <span class='ocrx_word' id='word_1_29' title='bbox 762 828 824 866; x_wconf 89' lang='lat' dir='ltr'><strong>suo.</strong></span> 
     </span>
     <span class='ocr_line' id='line_1_8' title="bbox 356 890 786 951; baseline -0.005 -2"><span class='ocrx_word' id='word_1_30' title='bbox 356 893 422 950; x_wconf 87' lang='lat' dir='ltr'><strong>vela</strong></span> <span class='ocrx_word' id='word_1_31' title='bbox 435 892 577 951; x_wconf 89' lang='lat' dir='ltr'><strong>secundis</strong></span> <span class='ocrx_word' id='word_1_32' title='bbox 590 890 692 948; x_wconf 85' lang='lat' dir='ltr'><strong>inflata</strong></span> <span class='ocrx_word' id='word_1_33' title='bbox 706 894 786 948; x_wconf 86' lang='lat' dir='ltr'><strong>notis</strong></span> 
     </span>
     <span class='ocr_line' id='line_1_9' title="bbox 355 976 840 1041; baseline -0.008 -10"><span class='ocrx_word' id='word_1_34' title='bbox 355 983 462 1032; x_wconf 88' lang='lat' dir='ltr'><strong>ventos</strong></span> <span class='ocrx_word' id='word_1_35' title='bbox 476 978 603 1031; x_wconf 91' lang='lat' dir='ltr'><strong>nimium</strong></span> <span class='ocrx_word' id='word_1_36' title='bbox 616 976 747 1030; x_wconf 82' lang='lat' dir='ltr'><strong>timuere</strong></span> <span class='ocrx_word' id='word_1_37' title='bbox 761 991 840 1041; x_wconf 87' lang='lat' dir='ltr'><strong>suos,</strong></span> 
     </span>
     <span class='ocr_line' id='line_1_10' title="bbox 356 1057 806 1131; baseline -0.007 -19"><span class='ocrx_word' id='word_1_38' title='bbox 356 1057 486 1113; x_wconf 88' lang='lat' dir='ltr'><strong>nubibus</strong></span> <span class='ocrx_word' id='word_1_39' title='bbox 500 1058 572 1131; x_wconf 89' lang='lat' dir='ltr'><strong>ipsis</strong></span> <span class='ocrx_word' id='word_1_40' title='bbox 586 1059 699 1111; x_wconf 83' lang='lat' dir='ltr'><strong>inserta</strong></span> <span class='ocrx_word' id='word_1_41' title='bbox 713 1060 806 1130; x_wconf 85' lang='lat' dir='ltr'><strong>caput</strong></span> 
     </span>
     <span class='ocr_line' id='line_1_11' title="bbox 354 1135 834 1213; baseline -0.008 -19"><span class='ocrx_word' id='word_1_42' title='bbox 354 1141 445 1194; x_wconf 89' lang='lat' dir='ltr'><strong>turris</strong></span> <span class='ocrx_word' id='word_1_43' title='bbox 459 1136 561 1213; x_wconf 92' lang='lat' dir='ltr'><strong>pluvio</strong></span> <span class='ocrx_word' id='word_1_44' title='bbox 574 1135 697 1211; x_wconf 83' lang='lat' dir='ltr'><strong>vapulat</strong></span> <span class='ocrx_word' id='word_1_45' title='bbox 712 1135 834 1203; x_wconf 79' lang='lat' dir='ltr'><strong>Ausim,</strong></span> 
     </span>
     <span class='ocr_line' id='line_1_12' title="bbox 356 1215 941 1295; baseline -0.007 -20"><span class='ocrx_word' id='word_1_46' title='bbox 356 1218 526 1295; x_wconf 83' lang='lat' dir='ltr'><strong>densasque</strong></span> <span class='ocrx_word' id='word_1_47' title='bbox 540 1236 647 1276; x_wconf 91' lang='lat' dir='ltr'><strong>nemus</strong></span> <span class='ocrx_word' id='word_1_48' title='bbox 662 1234 806 1293; x_wconf 85' lang='lat' dir='ltr'><strong>spargens</strong></span> <span class='ocrx_word' id='word_1_49' title='bbox 820 1215 941 1271; x_wconf 82' lang='lat' dir='ltr'><strong>umbras</strong></span> 
     </span>
     <span class='ocr_line' id='line_1_13' title="bbox 355 1297 818 1372; baseline -0.006 -16"><span class='ocrx_word' id='word_1_50' title='bbox 355 1320 468 1357; x_wconf 89' lang='lat' dir='ltr'><strong>annosa</strong></span> <span class='ocrx_word' id='word_1_51' title='bbox 483 1299 567 1357; x_wconf 90' lang='lat' dir='ltr'><strong>videt</strong></span> <span class='ocrx_word' id='word_1_52' title='bbox 582 1300 687 1356; x_wconf 87' lang='lat' dir='ltr'><strong>robora</strong></span> <span class='ocrx_word' id='word_1_53' title='bbox 701 1297 818 1372; x_wconf 84' lang='lat' dir='ltr'><strong>frangi;</strong></span> 
     </span>
     <span class='ocr_line' id='line_1_14' title="bbox 355 1378 832 1449; baseline -0.004 -11"><span class='ocrx_word' id='word_1_54' title='bbox 355 1380 470 1439; x_wconf 85' lang='lat' dir='ltr'><strong>feriunt</strong></span> <span class='ocrx_word' id='word_1_55' title='bbox 480 1381 575 1438; x_wconf 90' lang='lat' dir='ltr'><strong>celsos</strong></span> <span class='ocrx_word' id='word_1_56' title='bbox 589 1380 716 1437; x_wconf 85' lang='lat' dir='ltr'><strong>fulmina</strong></span> <span class='ocrx_word' id='word_1_57' title='bbox 730 1378 832 1449; x_wconf 79' lang='lat' dir='ltr'><strong>colleS,</strong></span> 
     </span>
     <span class='ocr_line' id='line_1_15' title="bbox 355 1463 853 1539; baseline -0.006 -19"><span class='ocrx_word' id='word_1_58' title='bbox 355 1482 479 1539; x_wconf 87' lang='lat' dir='ltr'><strong>corpora</strong></span> <span class='ocrx_word' id='word_1_59' title='bbox 493 1463 604 1519; x_wconf 88' lang='lat' dir='ltr'><strong>morbis</strong></span> <span class='ocrx_word' id='word_1_60' title='bbox 619 1466 731 1517; x_wconf 87' lang='lat' dir='ltr'><strong>maiora</strong></span> <span class='ocrx_word' id='word_1_61' title='bbox 744 1467 853 1536; x_wconf 82' lang='lat' dir='ltr'><strong>patent</strong></span> 
     </span>
     <span class='ocr_line' id='line_1_16' title="bbox 355 1548 893 1619; baseline -0.011 -17"><span class='ocrx_word' id='word_1_62' title='bbox 355 1551 388 1602; x_wconf 86' lang='lat' dir='ltr'><strong>et</strong></span> <span class='ocrx_word' id='word_1_63' title='bbox 402 1563 471 1600; x_wconf 91' lang='lat' dir='ltr'><strong>cum</strong></span> <span class='ocrx_word' id='word_1_64' title='bbox 486 1548 517 1599; x_wconf 91' lang='lat' dir='ltr'><strong>in</strong></span> <span class='ocrx_word' id='word_1_65' title='bbox 532 1551 636 1619; x_wconf 89' lang='lat' dir='ltr'><strong>pastus</strong></span> <span class='ocrx_word' id='word_1_66' title='bbox 650 1549 788 1599; x_wconf 85' lang='lat' dir='ltr'><strong>armenta</strong></span> <span class='ocrx_word' id='word_1_67' title='bbox 801 1558 893 1616; x_wconf 84' lang='lat' dir='ltr'><strong>vagos</strong></span> 
     </span>
     <span class='ocr_line' id='line_1_17' title="bbox 333 1622 854 1700; baseline -0.006 -19"><span class='ocrx_word' id='word_1_68' title='bbox 333 1654 336 1661; x_wconf 44' lang='lat' dir='ltr'>v</span> <span class='ocrx_word' id='word_1_69' title='bbox 354 1624 424 1681; x_wconf 92' lang='lat' dir='ltr'><strong>vilia</strong></span> <span class='ocrx_word' id='word_1_70' title='bbox 438 1631 571 1696; x_wconf 88' lang='lat' dir='ltr'><strong>currant,</strong></span> <span class='ocrx_word' id='word_1_71' title='bbox 584 1622 685 1700; x_wconf 87' lang='lat' dir='ltr'><strong>placet</strong></span> <span class='ocrx_word' id='word_1_72' title='bbox 699 1627 731 1679; x_wconf 90' lang='lat' dir='ltr'><strong>in</strong></span> <span class='ocrx_word' id='word_1_73' title='bbox 745 1622 854 1679; x_wconf 92' lang='lat' dir='ltr'><strong>vulnus</strong></span> 
     </span>
     <span class='ocr_line' id='line_1_18' title="bbox 354 1708 1137 1765; baseline -0.004 -3"><span class='ocrx_word' id='word_1_74' title='bbox 354 1710 485 1763; x_wconf 88' lang='lat' dir='ltr'><strong>maxima</strong></span> <span class='ocrx_word' id='word_1_75' title='bbox 498 1709 607 1765; x_wconf 87' lang='lat' dir='ltr'><strong>cervix.</strong></span> <span class='ocrx_word' id='word_1_76' title='bbox 1080 1708 1137 1759; x_wconf 90' lang='lat'><strong>100</strong></span> 
     </span>
     <span class='ocr_line' id='line_1_19' title="bbox 395 1783 952 1864; baseline -0.007 -20"><span class='ocrx_word' id='word_1_77' title='bbox 395 1786 553 1864; x_wconf 86' lang='lat' dir='ltr'><strong>Quidquid</strong></span> <span class='ocrx_word' id='word_1_78' title='bbox 566 1791 599 1843; x_wconf 90' lang='lat' dir='ltr'><strong>in</strong></span> <span class='ocrx_word' id='word_1_79' title='bbox 612 1787 709 1843; x_wconf 85' lang='lat' dir='ltr'><strong>altum</strong></span> <span class='ocrx_word' id='word_1_80' title='bbox 724 1785 857 1842; x_wconf 85' lang='lat' dir='ltr'><strong>Fortuna</strong></span> <span class='ocrx_word' id='word_1_81' title='bbox 870 1783 952 1853; x_wconf 84' lang='lat' dir='ltr'><strong>tulit,</strong></span> 
     </span>
     <span class='ocr_line' id='line_1_20' title="bbox 354 1867 844 1926; baseline -0.002 -2"><span class='ocrx_word' id='word_1_82' title='bbox 354 1873 469 1926; x_wconf 88' lang='lat' dir='ltr'><strong>ruitura</strong></span> <span class='ocrx_word' id='word_1_83' title='bbox 482 1868 572 1926; x_wconf 88' lang='lat' dir='ltr'><strong>levat.</strong></span> <span class='ocrx_word' id='word_1_84' title='bbox 615 1867 740 1924; x_wconf 90' lang='lat' dir='ltr'><strong>modicis</strong></span> <span class='ocrx_word' id='word_1_85' title='bbox 754 1868 844 1923; x_wconf 90' lang='lat' dir='ltr'><strong>rebus</strong></span> 
     </span>
    </p>
   </div>
   <div class='ocr_carea' id='block_1_3' title="bbox 353 1947 906 2188">
    <p class='ocr_par' dir='ltr' id='par_1_3' title="bbox 353 1947 906 2188">
     <span class='ocr_line' id='line_1_21' title="bbox 353 1947 906 2027; baseline -0.002 -21"><span class='ocrx_word' id='word_1_86' title='bbox 353 1950 474 2027; x_wconf 85' lang='lat' dir='ltr'><strong>longius</strong></span> <span class='ocrx_word' id='word_1_87' title='bbox 487 1969 596 2007; x_wconf 88' lang='lat' dir='ltr'><strong>aevum</strong></span> <span class='ocrx_word' id='word_1_88' title='bbox 610 1957 657 2006; x_wconf 90' lang='lat' dir='ltr'><strong>est</strong></span> <span class='ocrx_word' id='word_1_89' title='bbox 670 1969 677 2017; x_wconf 94' lang='lat'>;</span> <span class='ocrx_word' id='word_1_90' title='bbox 698 1948 773 2006; x_wconf 83' lang='lat' dir='ltr'><strong>felix</strong></span> <span class='ocrx_word' id='word_1_91' title='bbox 786 1947 906 2005; x_wconf 88' lang='lat' dir='ltr'><strong>mediae</strong></span> 
     </span>
     <span class='ocr_line' id='line_1_22' title="bbox 353 2033 840 2109; baseline -0.004 -21"><span class='ocrx_word' id='word_1_92' title='bbox 353 2036 486 2109; x_wconf 89' lang='lat' dir='ltr'><strong>quisquis</strong></span> <span class='ocrx_word' id='word_1_93' title='bbox 500 2033 608 2089; x_wconf 83' lang='lat' dir='ltr'><strong>turbae</strong></span> <span class='ocrx_word' id='word_1_94' title='bbox 623 2038 704 2088; x_wconf 88' lang='lat' dir='ltr'><strong>sorte</strong></span> <span class='ocrx_word' id='word_1_95' title='bbox 719 2033 840 2106; x_wconf 89' lang='lat' dir='ltr'><strong>quietus</strong></span> 
     </span>
     <span class='ocr_line' id='line_1_23' title="bbox 354 2112 747 2188; baseline -0.008 -19"><span class='ocrx_word' id='word_1_96' title='bbox 354 2132 425 2169; x_wconf 86' lang='lat' dir='ltr'><strong>aura</strong></span> <span class='ocrx_word' id='word_1_97' title='bbox 439 2117 562 2188; x_wconf 82' lang='lat' dir='ltr'><strong>stringit</strong></span> <span class='ocrx_word' id='word_1_98' title='bbox 576 2112 665 2169; x_wconf 89' lang='lat' dir='ltr'><strong>litora</strong></span> <span class='ocrx_word' id='word_1_99' title='bbox 679 2118 747 2167; x_wconf 83' lang='lat' dir='ltr'><strong>tuta</strong></span> 
     </span>
    </p>
   </div>
   <div class='ocr_carea' id='block_1_4' title="bbox 353 2191 919 2351">
    <p class='ocr_par' dir='ltr' id='par_1_4' title="bbox 353 2191 919 2351">
     <span class='ocr_line' id='line_1_24' title="bbox 353 2191 919 2270; baseline -0.007 -20"><span class='ocrx_word' id='word_1_100' title='bbox 353 2193 538 2270; x_wconf 89' lang='lat' dir='ltr'><strong>timidusque</strong></span> <span class='ocrx_word' id='word_1_101' title='bbox 552 2196 628 2250; x_wconf 86' lang='lat' dir='ltr'><strong>mari</strong></span> <span class='ocrx_word' id='word_1_102' title='bbox 642 2191 765 2249; x_wconf 88' lang='lat' dir='ltr'><strong>credere</strong></span> <span class='ocrx_word' id='word_1_103' title='bbox 780 2191 919 2247; x_wconf 89' lang='lat' dir='ltr'><strong>cumbam</strong></span> 
     </span>
     <span class='ocr_line' id='line_1_25' title="bbox 353 2272 795 2351; baseline -0.002 -21"><span class='ocrx_word' id='word_1_104' title='bbox 353 2294 436 2331; x_wconf 89' lang='lat' dir='ltr'><strong>remo</strong></span> <span class='ocrx_word' id='word_1_105' title='bbox 450 2282 545 2332; x_wconf 84' lang='lat' dir='ltr'><strong>terras</strong></span> <span class='ocrx_word' id='word_1_106' title='bbox 559 2278 697 2351; x_wconf 89' lang='lat' dir='ltr'><strong>propiore</strong></span> <span class='ocrx_word' id='word_1_107' title='bbox 711 2272 795 2348; x_wconf 82' lang='lat' dir='ltr'><strong>legit.</strong></span> 
     </span>
    </p>
   </div>
   <div class='ocr_carea' id='block_1_5' title="bbox 554 2474 805 2514">
    <p class='ocr_par' dir='ltr' id='par_1_5' title="bbox 554 2474 805 2514">
     <span class='ocr_line' id='line_1_26' title="bbox 554 2474 805 2514; baseline 0 -2"><span class='ocrx_word' id='word_1_108' title='bbox 554 2474 805 2514; x_wconf 76' lang='lat' dir='ltr'>CLYTAEMNESTRA</span> 
     </span>
    </p>
   </div>
   <div class='ocr_carea' id='block_1_6' title="bbox 230 2587 1141 3234">
    <p class='ocr_par' dir='ltr' id='par_1_6' title="bbox 230 2587 1141 3234">
     <span class='ocr_line' id='line_1_27' title="bbox 273 2587 978 2665; baseline -0.003 -21"><span class='ocrx_word' id='word_1_109' title='bbox 273 2587 365 2659; x_wconf 86' lang='lat' dir='ltr'><strong>Quid,</strong></span> <span class='ocrx_word' id='word_1_110' title='bbox 381 2593 483 2665; x_wconf 86' lang='lat' dir='ltr'><strong>segnis</strong></span> <span class='ocrx_word' id='word_1_111' title='bbox 496 2593 606 2659; x_wconf 87' lang='lat' dir='ltr'><strong>anime,</strong></span> <span class='ocrx_word' id='word_1_112' title='bbox 621 2596 689 2646; x_wconf 85' lang='lat' dir='ltr'><strong>tuta</strong></span> <span class='ocrx_word' id='word_1_113' title='bbox 702 2588 825 2646; x_wconf 88' lang='lat' dir='ltr'><strong>consilia</strong></span> <span class='ocrx_word' id='word_1_114' title='bbox 840 2587 978 2662; x_wconf 84' lang='lat' dir='ltr'><strong>expetis?</strong></span> 
     </span>
     <span class='ocr_line' id='line_1_28' title="bbox 231 2668 961 2745; baseline -0.001 -20"><span class='ocrx_word' id='word_1_115' title='bbox 231 2669 305 2745; x_wconf 94' lang='lat' dir='ltr'><strong>quid</strong></span> <span class='ocrx_word' id='word_1_116' title='bbox 318 2668 471 2727; x_wconf 87' lang='lat' dir='ltr'><strong>fluctuaris</strong></span> <span class='ocrx_word' id='word_1_117' title='bbox 483 2672 494 2726; x_wconf 73' lang='grc' dir='ltr'>Ρ</span> <span class='ocrx_word' id='word_1_118' title='bbox 536 2669 636 2728; x_wconf 87' lang='lat' dir='ltr'><strong>clausa</strong></span> <span class='ocrx_word' id='word_1_119' title='bbox 649 2674 708 2726; x_wconf 87' lang='lat' dir='ltr'><strong>iam</strong></span> <span class='ocrx_word' id='word_1_120' title='bbox 722 2670 828 2727; x_wconf 90' lang='lat' dir='ltr'><strong>melior</strong></span> <span class='ocrx_word' id='word_1_121' title='bbox 843 2673 891 2725; x_wconf 85' lang='lat' dir='ltr'><strong>via</strong></span> <span class='ocrx_word' id='word_1_122' title='bbox 906 2675 961 2725; x_wconf 90' lang='lat' dir='ltr'><strong>est.</strong></span> 
     </span>
     <span class='ocr_line' id='line_1_29' title="bbox 230 2749 1141 2828; baseline 0 -23"><span class='ocrx_word' id='word_1_123' title='bbox 230 2749 317 2808; x_wconf 84' lang='lat' dir='ltr'><strong>licuit</strong></span> <span class='ocrx_word' id='word_1_124' title='bbox 331 2751 456 2826; x_wconf 90' lang='lat' dir='ltr'><strong>pudicos</strong></span> <span class='ocrx_word' id='word_1_125' title='bbox 470 2755 606 2827; x_wconf 85' lang='lat' dir='ltr'><strong>coniugis</strong></span> <span class='ocrx_word' id='word_1_126' title='bbox 620 2751 771 2828; x_wconf 87' lang='lat' dir='ltr'><strong>quondam</strong></span> <span class='ocrx_word' id='word_1_127' title='bbox 785 2759 867 2808; x_wconf 88' lang='lat' dir='ltr'><strong>toros</strong></span> <span class='ocrx_word' id='word_1_128' title='bbox 1003 2794 1008 2803; x_wconf 79' lang='grc'><em>.</em></span> <span class='ocrx_word' id='word_1_129' title='bbox 1079 2755 1141 2805; x_wconf 93' lang='grc'><strong>110</strong></span> 
     </span>
     <span class='ocr_line' id='line_1_30' title="bbox 232 2832 800 2909; baseline 0.004 -21"><span class='ocrx_word' id='word_1_130' title='bbox 232 2839 265 2888; x_wconf 89' lang='lat' dir='ltr'><strong>et</strong></span> <span class='ocrx_word' id='word_1_131' title='bbox 279 2840 399 2909; x_wconf 82' lang='lat' dir='ltr'><strong>sceptra</strong></span> <span class='ocrx_word' id='word_1_132' title='bbox 413 2840 495 2889; x_wconf 85' lang='lat' dir='ltr'><strong>casta</strong></span> <span class='ocrx_word' id='word_1_133' title='bbox 510 2832 600 2890; x_wconf 90' lang='lat' dir='ltr'><strong>vidua</strong></span> <span class='ocrx_word' id='word_1_134' title='bbox 614 2837 707 2890; x_wconf 84' lang='lat' dir='ltr'><strong>tutari</strong></span> <span class='ocrx_word' id='word_1_135' title='bbox 722 2832 800 2900; x_wconf 82' lang='lat' dir='ltr'><strong>fide3</strong></span> 
     </span>
     <span class='ocr_line' id='line_1_31' title="bbox 231 2913 870 2990; baseline 0 -20"><span class='ocrx_word' id='word_1_136' title='bbox 231 2918 349 2988; x_wconf 90' lang='lat' dir='ltr'><strong>periere</strong></span> <span class='ocrx_word' id='word_1_137' title='bbox 363 2933 462 2971; x_wconf 91' lang='lat' dir='ltr'><strong>mores</strong></span> <span class='ocrx_word' id='word_1_138' title='bbox 476 2919 522 2971; x_wconf 90' lang='lat' dir='ltr'><strong>ius</strong></span> <span class='ocrx_word' id='word_1_139' title='bbox 536 2914 629 2971; x_wconf 91' lang='lat' dir='ltr'><strong>decus</strong></span> <span class='ocrx_word' id='word_1_140' title='bbox 642 2918 740 2990; x_wconf 85' lang='lat' dir='ltr'><strong>pietas</strong></span> <span class='ocrx_word' id='word_1_141' title='bbox 754 2913 870 2970; x_wconf 85' lang='lat' dir='ltr'><strong>fides—</strong></span> 
     </span>
     <span class='ocr_line' id='line_1_32' title="bbox 232 2994 966 3072; baseline 0 -22"><span class='ocrx_word' id='word_1_142' title='bbox 232 3000 329 3071; x_wconf 90' lang='lat' dir='ltr'><strong>etqui</strong></span> <span class='ocrx_word' id='word_1_143' title='bbox 344 2995 444 3053; x_wconf 88' lang='lat' dir='ltr'><strong>redire</strong></span> <span class='ocrx_word' id='word_1_144' title='bbox 459 3015 528 3051; x_wconf 84' lang='lat' dir='ltr'><strong>cum</strong></span> <span class='ocrx_word' id='word_1_145' title='bbox 542 3000 622 3072; x_wconf 89' lang='lat' dir='ltr'><strong>perit</strong></span> <span class='ocrx_word' id='word_1_146' title='bbox 637 3000 735 3052; x_wconf 88' lang='lat' dir='ltr'><strong>nescit</strong></span> <span class='ocrx_word' id='word_1_147' title='bbox 749 2994 854 3071; x_wconf 88' lang='lat' dir='ltr'><strong>pudor.</strong></span> <span class='ocrx_word' id='word_1_148' title='bbox 950 3032 966 3057; x_wconf 85' lang='lat'><strong>.</strong></span> 
     </span>
     <span class='ocr_line' id='line_1_33' title="bbox 231 3075 969 3153; baseline 0.001 -23"><span class='ocrx_word' id='word_1_149' title='bbox 231 3075 271 3131; x_wconf 90' lang='lat' dir='ltr'><strong>da</strong></span> <span class='ocrx_word' id='word_1_150' title='bbox 285 3075 371 3134; x_wconf 88' lang='lat' dir='ltr'><strong>frena</strong></span> <span class='ocrx_word' id='word_1_151' title='bbox 386 3086 418 3134; x_wconf 87' lang='lat' dir='ltr'><strong>et</strong></span> <span class='ocrx_word' id='word_1_152' title='bbox 432 3096 554 3134; x_wconf 90' lang='lat' dir='ltr'><strong>omnem</strong></span> <span class='ocrx_word' id='word_1_153' title='bbox 569 3096 664 3153; x_wconf 88' lang='lat' dir='ltr'><strong>prona</strong></span> <span class='ocrx_word' id='word_1_154' title='bbox 678 3079 845 3151; x_wconf 87' lang='lat' dir='ltr'><strong>nequitiam</strong></span> <span class='ocrx_word' id='word_1_155' title='bbox 860 3078 969 3142; x_wconf 82' lang='lat' dir='ltr'><strong>incita3</strong></span> 
     </span>
     <span class='ocr_line' id='line_1_34' title="bbox 231 3158 984 3234; baseline 0.001 -22"><span class='ocrx_word' id='word_1_156' title='bbox 231 3176 286 3232; x_wconf 89' lang='lat' dir='ltr'><strong>per</strong></span> <span class='ocrx_word' id='word_1_157' title='bbox 300 3158 414 3216; x_wconf 85' lang='lat' dir='ltr'><strong>scelera</strong></span> <span class='ocrx_word' id='word_1_158' title='bbox 428 3178 547 3234; x_wconf 86' lang='lat' dir='ltr'><strong>semper</strong></span> <span class='ocrx_word' id='word_1_159' title='bbox 562 3158 725 3215; x_wconf 87' lang='lat' dir='ltr'><strong>sceleribus</strong></span> <span class='ocrx_word' id='word_1_160' title='bbox 740 3165 841 3214; x_wconf 87' lang='lat' dir='ltr'><strong>tutum</strong></span> <span class='ocrx_word' id='word_1_161' title='bbox 856 3164 903 3212; x_wconf 91' lang='lat' dir='ltr'><strong>est</strong></span> <span class='ocrx_word' id='word_1_162' title='bbox 916 3160 984 3213; x_wconf 81' lang='lat' dir='ltr'><strong>iter.</strong></span> 
     </span>
    </p>
   </div>
   <div class='ocr_carea' id='block_1_7' title="bbox 235 3255 271 3310">
    <p class='ocr_par' dir='ltr' id='par_1_7' title="bbox 235 3255 271 3310">
     <span class='ocr_line' id='line_1_35' title="bbox 235 3255 271 3310; baseline 0.083 -3"><span class='ocrx_word' id='word_1_163' title='bbox 235 3255 271 3310; x_wconf 73' lang='lat'><strong>10</strong></span> 
     </span>
    </p>
   </div>
   <div class='ocr_carea' id='block_1_8' title="bbox 0 0 1220 3838">
    <p class='ocr_par' dir='ltr' id='par_1_8' title="bbox 0 0 1220 3838">
     <span class='ocr_line' id='line_1_36' title="bbox 0 0 1220 3838; baseline 0 1"><span class='ocrx_word' id='word_1_164' title='bbox 0 0 1220 3838; x_wconf 95' lang='lat' dir='ltr'><strong> </strong></span> 
     </span>
    </p>
   </div>
  </div>
 </body>
</html>
