2432 3838
363 246 465 349 ‘nih
492 292 733 352 rnionnins
760 294 815 353 or
843 294 1004 353 snnncn

235 396 478 485 quaesiimnrna
491 408 618 467 Cnosius
633 418 732 468 versat
745 430 812 468 reos
825 431 832 467 t

238 487 521 566 vinanihyestes
534 490 699 548 sceleribus
712 500 838 550 cunctos
852 495 935 550 meis.

234 590 254 627 a
267 568 361 628 fratre
376 574 487 641 vincar,
501 570 604 629 liberis
618 572 726 648 plenus
739 574 837 631 tribus

236 655 269 708 in
283 670 332 709 me
346 651 492 727 sepultis3
514 657 628 711 viscera
642 654 730 712 exedi
745 674 820 711 mea.

224 756 232 771 ·
279 732 344 790 Nec
358 732 506 792 hactenus
523 734 655 793 Fortuna
668 735 830 793 maculavit
848 742 977 812 patrem,

162 838 186 887 g
236 813 291 877 sod
305 818 401 872 maius
413 814 496 873 aliud
510 835 581 873 ausa
592 821 750 874 commisso
764 818 861 875 scelus

226 904 327 953 nane
341 896 489 954 nefandos
504 904 609 973 petere
625 900 802 955 concubitus
817 899 912 957 iubet.
1099 906 1139 956 30

152 1014 159 1027 ·
235 997 298 1034 non
312 977 438 1054 pavidus
454 978 539 1035 hausi
553 978 644 1049 dicta,
659 979 713 1037 sed
728 983 795 1055 cepi
810 977 904 1038 nefas.

156 1098 166 1115 .
236 1078 310 1135 ergo
324 1066 359 1117 ut
373 1078 427 1135 per
441 1079 547 1117 omnes
560 1059 671 1118 liberos
684 1065 760 1118 irem
777 1080 896 1136 parens,

236 1148 340 1198 coacta
352 1138 423 1198 fatis
436 1149 509 1198 nata
523 1140 584 1198 fert
597 1148 719 1199 uterum
733 1162 867 1219 gravem,

237 1241 287 1280 me
300 1230 387 1299 patre
401 1221 537 1299 dignum.
581 1242 665 1279 versa
678 1232 787 1282 natura
801 1231 848 1281 est
862 1230 962 1291 retr03

235 1323 291 1361 nvo
306 1311 474 1380 parentem,
489 1323 543 1380 pro
557 1302 661 1362 nefas!
684 1309 761 1381 patri
777 1308 883 1374 virum,

235 1388 315 1442 natis
330 1393 458 1461 nepotes
471 1389 702 1443 miscui-nocti
716 1385 806 1443 diem.

277 1464 340 1525 Sed
354 1485 421 1523 sera
433 1466 558 1524 tandem
574 1471 697 1543 respicit
712 1466 806 1524 fessos
820 1467 906 1522 maiis

237 1555 306 1623 post
320 1545 382 1604 fata
396 1547 520 1605 demum
534 1552 622 1605 sortis
636 1552 771 1605 incertae
786 1546 878 1615 fides3

237 1647 290 1685 rex
304 1627 356 1685 ilie
371 1648 488 1704 regum,
502 1628 611 1686 ductor
625 1629 838 1705 Agamemnon
855 1629 976 1699 ducum,

237 1714 321 1766 cuius
335 1717 458 1769 secutae
472 1710 556 1767 mille
570 1710 714 1768 vexillum
729 1718 809 1768 rates
1100 1717 1143 1767 40

238 1790 328 1847 Iliaca
344 1790 418 1848 velis
431 1796 525 1848 maria
537 1799 683 1849 texerunt
697 1795 767 1861 suis,
1204 1794 1205 1799 '

236 1879 306 1948 post
319 1872 437 1930 decima
454 1872 567 1929 Phoebi
581 1872 675 1930 lustra
689 1873 810 1930 devicto
826 1873 882 1929 Ilio

235 1952 489 2012 adeso-daturus
504 1957 625 2030 coniugi
639 1953 777 2029 iugulum
791 1973 871 2011 suae.

235 2040 295 2092 iam
309 2039 369 2091 iam
383 2036 502 2092 natabit
516 2040 663 2111 sanguine
678 2035 796 2092 alterno
810 2035 936 2094 domus:

237 2135 325 2173 enses
340 2134 460 2173 secures
473 2115 546 2195 tela,
561 2116 690 2172 divisum
705 2120 788 2190 gravi

236 2201 299 2255 ictu
314 2198 455 2272 bipennis
469 2200 587 2272 regium
602 2195 691 2253 video
705 2204 816 2271 caput3

237 2282 297 2334 iarn
311 2276 424 2335 scelera
438 2296 533 2354 prope
548 2286 629 2348 sunt,
643 2281 702 2333 iam
714 2276 810 2347 dolus,
822 2277 940 2348 caedeS,
952 2298 1080 2335 cruor-

238 2365 382 2435 parantur
396 2358 512 2435 epulae.
556 2377 645 2415 causa
659 2357 767 2415 natalis
781 2362 837 2429 tui,

238 2439 397 2517 Aegistho,
409 2444 502 2498 venit.
546 2439 618 2516 quid
634 2439 731 2515 pudor
743 2439 845 2496 vultus
859 2442 984 2514 gravat?

237 2521 310 2598 quid
325 2521 433 2578 dextra
447 2522 540 2577 dubio
554 2520 673 2597 trepida
688 2520 811 2578 consilio
825 2520 928 2577 labat?
1104 2529 1146 2579 50

237 2602 309 2679 quid
325 2606 390 2678 ipse
405 2609 503 2659 temet
517 2600 656 2671 consulis,
672 2610 805 2678 torques
819 2621 917 2677 rogas,

237 2704 275 2740 an
290 2683 399 2740 deceat
414 2683 471 2738 hoc
485 2685 541 2739 te?
584 2686 699 2758 respice
715 2681 753 2738 ad
768 2691 895 2739 matrem
909 2702 916 2750 ;
938 2683 1036 2740 decet.
1051 2727 1054 2732 «

238 2800 282 2809 υ.-
554 2802 663 2809 ----...
672 2802 690 2809 .-
701 2802 833 2809 ---.-....-
847 2803 903 2808 ..--

270 2847 392 2896 1Min0s.
494 2847 563 2896 Ἢ.
577 2847 714 2911 Thyestes.

269 2913 279 2943 ³
296 2913 339 2962 ie.
353 2912 483 2976 Thyestes
494 2912 571 2961 acted
588 2912 624 2977 by
636 2912 767 2961 ‹lireotion
784 2912 812 2961 oi
828 2928 861 2961 on
879 2911 972 2973 oroolo,
994 2915 1080 2962 which
1098 2915 1147 2965 de-

237 2977 411 3063 claredphat
432 2976 469 3042 by
492 2977 546 3027 this
569 2993 658 3027 means
681 2978 714 3025 ho
737 2976 824 3039 might
851 2976 912 3039 gain
937 2992 1085 3043 vongeonoe
1109 2998 1148 3030 on

237 3042 451 3223 altfrhgswlillrlwnot
463 3107 494 3157 bc
508 3108 547 3157 his
565 3106 664 3157 hrsnoh
682 3104 710 3153 oi
727 3104 773 3151 the
790 3102 883 3169 {sinily
900 3104 961 3157 thar
977 3108 1044 3157 shall
1062 3110 1150 3161 suffer
1204 3106 1205 3121 ³

270 3189 292 3222 1s
318 3188 376 3223 rme,
