2538 3846
358 283 446 341 THE
473 281 713 342 TRAGEDIES
741 283 796 341 OF
824 280 986 341 SENECA

377 399 441 456 Nos
455 418 472 456 e
487 405 575 456 tanto
588 401 643 456 visi
657 397 769 474 populo

336 479 421 556 digni
436 488 592 556 premeret
601 499 676 556 quos
692 498 797 538 everso

337 562 460 619 cardine
478 561 634 619 mundus?

337 646 369 699 in
383 662 438 700 nos
451 650 535 700 aetas
549 642 657 700 ultima
670 643 776 700 venit?

337 743 356 781 o
370 743 424 781 nos
438 722 514 781 dura
527 731 608 781 sorte
623 730 750 793 creatos,

338 824 391 863 seu
405 804 593 882 perdidimus
607 804 703 862 solem
717 808 828 874 miseri,
1062 810 1121 862 880

338 890 400 944 sive
414 886 601 964 expulimus!

337 968 450 1026 abeant
463 975 599 1045 questus,
613 966 745 1038 discede,
760 966 868 1024 umor!

337 1046 418 1108 vitae
432 1057 480 1108 est
493 1049 598 1107 avidus
612 1052 747 1127 quisquis
761 1052 824 1106 non
837 1047 905 1106 vult

337 1131 452 1189 mundo
466 1150 570 1189 secum
583 1138 734 1207 pereunte
748 1133 832 1187 mori.

616 1287 727 1327 ATnuvs

257 1368 402 1446 Aequalis
415 1371 503 1425 astris
517 1366 639 1444 gradior
654 1375 686 1425 et
700 1375 826 1425 cunctos
841 1386 933 1444 super

216 1450 313 1508 altum
327 1450 457 1526 superbo
471 1453 585 1507 vertice
599 1453 755 1525 attingens
770 1449 881 1525 polum.

217 1550 299 1588 nunc
313 1531 424 1589 decora
437 1534 523 1607 regni
537 1538 639 1602 teneo,
654 1550 736 1588 nunc
751 1530 859 1588 solium
873 1535 975 1607 patris.

199 1602 203 1635 ¹
217 1612 340 1670 dimitto
354 1631 498 1689 super0s3
519 1631 635 1670 summa
648 1619 787 1670 votorum
800 1615 898 1689 attigi.

217 1695 297 1752 bene
312 1701 369 1765 est,
383 1693 505 1752 abunde
520 1702 576 1764 est,
590 1697 651 1751 iam
665 1702 711 1752 sat
726 1701 773 1751 est
789 1697 882 1752 etiam
895 1693 979 1751 mihi.

217 1775 273 1833 sed
287 1795 340 1834 cur
354 1779 426 1834 satis
440 1778 501 1834 sit?
542 1794 668 1852 pergam
682 1782 715 1833 et
726 1774 857 1852 impleto
870 1775 977 1852 patre1
1061 1780 1120 1842 890

216 1856 325 1915 funere
340 1856 484 1915 suorum.²
525 1876 565 1914 ne
579 1856 653 1934 quid
667 1857 802 1914 obstaret
816 1856 923 1934 pudor,
1017 1867 1020 1872 “

217 1938 283 1997 dies
297 1943 429 1997 recessit.
472 1958 567 2016 perge
581 1938 654 1996 dum
669 1937 787 1995 eaelum
801 1945 896 1997 vacat.
942 1986 945 1994 .

217 2025 334 2078 utinam
348 2020 473 2098 quidem
487 2028 594 2078 tenere
609 2018 764 2097 fuglentes
779 2019 852 2077 deos

217 2120 337 2178 possem
351 2108 385 2158 et
398 2109 517 2160 coactos
531 2100 663 2169 trahere,
677 2108 713 2158 ut
726 2100 868 2158 ultricem
882 2100 992 2177 dapem

217 2202 322 2240 omnes
335 2181 496 2240 viderent!
537 2182 619 2259 quod
633 2190 680 2240 sat
694 2190 750 2252 est,
765 2182 868 2240 videat
882 2190 977 2259 pater.

217 2267 310 2323 etiam
324 2263 374 2322 die
389 2263 514 2322 nolente
528 2263 688 2322 discutiam
701 2263 758 2321 tibi

216 2346 370 2426 tenebras,
384 2349 522 2404 miseriae
537 2346 593 2403 sub
607 2345 717 2421 quibus
729 2344 854 2403 latitant
868 2353 948 2403 tuae.

217 2431 307 2485 nimis
321 2427 374 2485 diu
389 2432 514 2485 conviva
528 2445 633 2484 securo
647 2431 726 2484 iaces

217 2507 366 2585 hilarique
380 2509 477 2578 vultu,
491 2512 551 2565 iam
566 2511 638 2566 satis
651 2511 764 2565 mensis
778 2506 884 2564 datum
899 2515 946 2565 est

217 2594 349 2667 satisque
365 2589 484 2646 Baccho
496 2609 503 2657 ;
524 2590 623 2647 sobrio
636 2596 724 2647 tanta
737 2588 776 2646 ad
789 2589 869 2645 mala
1062 2593 1122 2654 900

217 2690 293 2747 opus
307 2678 355 2728 est
368 2669 512 2748 Thyeste.

512 2751 614 2808 Turba
627 2749 790 2822 famularis,
805 2749 885 2809 fores

217 2832 325 2909 templi
339 2833 451 2904 relaxa,
464 2831 543 2891 festa
556 2831 681 2909 patefiat
696 2832 811 2890 domus.

249 2936 258 2968 ¹
275 2937 310 2987 So
322 2937 353 2987 L.
365 2937 470 3000 Mater,
478 2937 601 3000 followed
613 2937 645 3002 by
656 2937 777 2988 Richter:
788 2937 867 2988 MSS.
880 2935 995 3002 implebo
1006 2942 1111 3002 patrem
1193 2990 1200 3005 ,

249 3001 259 3032 ²
277 3003 331 3052 Leo
342 3003 432 3052 deletae
443 3002 506 3052 lines
516 3003 583 3065 890⁶,
597 3007 668 3054 891⁶.

266 3109 274 3140 ¹
293 3109 425 3174 Probably
436 3111 565 3177 referring
577 3117 606 3161 to
618 3112 665 3162 the
676 3110 772 3177 goldeu
784 3128 848 3162 ram.
885 3111 934 3163 See
945 3111 973 3162 ll.
988 3113 1037 3163 223
1049 3111 1077 3161 ff.

265 3174 276 3205 ²
293 3175 334 3225 ie.
349 3175 363 3225 Ι
374 3174 442 3225 need
452 3176 531 3226 make
543 3192 578 3227 no
589 3193 661 3227 more
672 3192 782 3241 prayers
793 3182 822 3226 to
834 3177 914 3227 them.

222 3252 276 3312 162
