2432 3838
350 217 439 275 THE
467 214 706 273 TRAGEDIES
734 215 790 274 OF
818 214 978 273 SENECA

373 334 445 411 Ityn
458 337 491 390 in
505 336 600 390 varios
614 331 769 389 modulata
782 349 881 401 sonos,

372 436 434 472 non
448 434 526 492 quae
539 417 631 472 tectis
645 412 777 471 Bistonis
790 411 854 470 ales

372 496 508 554 residens
522 498 646 553 summis
660 498 751 571 impia
765 494 823 551 diri

373 578 454 634 furta
467 581 568 634 mariti
582 575 701 652 garrula
719 583 832 645 narrat,

373 658 477 735 lugere
492 666 577 715 tuam
591 661 704 734 poterit
718 657 812 732 digne

373 747 539 817 conquesta
552 739 685 796 domum.
728 738 802 795 licet
815 741 880 814 ipse
895 738 970 796 velit

374 822 470 878 clarus
484 825 589 878 niveos
602 824 684 878 inter
697 819 794 876 olores

374 903 515 960 Histrum
530 920 641 979 cycnus
656 901 833 978 Tanainque
850 900 953 958 colens

374 993 512 1042 extrema
524 982 616 1060 loqui,
631 982 705 1040 licet
718 983 859 1058 alcyones
1057 979 1121 1039 680

374 1066 476 1142 Ceyca
487 1084 574 1122 suum
588 1063 682 1122 fluctu
696 1063 806 1120 leviter

374 1146 542 1223 plangente
557 1152 677 1215 sonent,
692 1163 762 1201 cum
775 1143 939 1222 tranquillo

374 1228 454 1284 male
469 1226 598 1284 confisae
614 1226 745 1283 credunt
758 1230 870 1283 iterum

373 1310 482 1385 pelago
495 1308 625 1365 audaces
639 1307 781 1384 fetusque
796 1326 865 1365 suos

373 1390 446 1447 nido
460 1389 586 1466 pavidae
600 1390 754 1446 titubante
769 1387 894 1457 fovent3

374 1491 437 1526 non
452 1475 476 1527 si
490 1470 598 1527 molles
612 1474 755 1528 comitata
768 1474 846 1527 viros

374 1555 470 1609 tristis
483 1551 598 1609 laceret
611 1551 750 1608 bracchia
763 1559 866 1608 tecum

375 1653 453 1710 quae
467 1637 595 1690 turritae
610 1634 699 1689 turba
713 1637 833 1708 parenti

375 1722 510 1790 pectora,
523 1734 613 1770 rauco
627 1717 746 1771 concita
760 1715 849 1784 buxo,

375 1794 447 1852 ferit
462 1803 496 1852 ut
511 1794 676 1873 Phrygium
689 1795 796 1870 lugeat
813 1796 956 1865 Attin,-
1058 1791 1124 1861 690

375 1896 437 1933 non
451 1885 499 1935 est
513 1876 652 1948 lacrimis,
668 1876 843 1947 Cassandra,
857 1876 974 1947 moduS,

375 1962 445 2035 quia
460 1978 537 2035 quae
551 1963 684 2035 patimur
698 1962 797 2015 vicere
811 1957 944 2015 modum.

254 2076 316 2134 Sed
330 2097 383 2134 cur
396 2085 525 2135 sacratas
539 2078 652 2153 deripis
667 2082 759 2153 capiti
772 2077 906 2135 infulas?

213 2161 330 2215 miseris
344 2158 486 2217 colendos
501 2163 632 2216 maxime
646 2177 770 2234 superos
784 2167 898 2236 putem.

578 2354 745 2393 cassanum

257 2441 362 2497 Vicere
377 2449 479 2516 nostra
493 2445 553 2496 iam
566 2450 666 2499 metus
680 2462 785 2498 omues
799 2444 885 2499 mala.

213 2521 356 2599 equidem
371 2542 427 2579 nec
441 2521 503 2579 ulla
517 2521 640 2579 caelites
654 2523 740 2600 placo
754 2543 845 2600 prece

214 2623 282 2674 nec,
297 2608 321 2660 si
336 2603 433 2660 velint
447 2607 571 2673 saevire,
586 2623 645 2680 quo
660 2613 791 2661 noceant
805 2605 929 2663 habent.

215 2685 349 2742 Fortuna
365 2689 441 2742 vires
456 2689 520 2760 ipsa
535 2689 721 2762 consumpsit
735 2706 810 2744 suas.

214 2785 291 2842 quae
307 2769 404 2841 patria
418 2774 522 2836 restat,
537 2770 604 2842 quis
618 2776 715 2842 pater,
729 2787 807 2844 quae
822 2772 881 2824 iam
896 2771 1002 2826 soror?

247 2964 255 2994 ¹
274 2965 330 3014 The
341 2965 458 3015 swallow
471 2965 604 3028 (hirundo)
618 2967 676 3017 into
687 2966 774 3016 which
786 2967 887 3018 Procne
898 2984 952 3018 was
964 2968 1098 3034 changed.

109 3095 114 3103 ‚
215 3029 379 3144 thzncffius
393 3033 445 3092 (see
458 3030 553 3091 Index)
572 3032 594 3080 ia
611 3031 673 3080 here
691 3032 831 3081 conceived
848 3033 876 3081 of
892 3049 921 3082 aa
938 3049 1010 3083 swan
1028 3037 1130 3090 rather·

216 3175 253 3234 56
