2432 3838
362 295 451 354 THE
475 294 715 353 TRAGEDIES
743 294 799 351 OF
827 292 989 352 SENECA

224 412 385 471 Zminthea
399 416 502 470 tenuit
515 412 610 489 spolia
625 412 758 470 Phoebei
773 416 863 481 senis,

223 502 328 561 ardore
343 522 444 561 sacrae
459 505 583 578 virginis
597 506 657 559 iam
670 510 737 560 tum
751 501 863 560 furens.

223 614 284 652 non
299 594 385 652 illum
400 592 536 650 Achilles
551 590 634 650 flexit
647 592 812 650 indomitus
826 596 926 663 minis,

223 703 285 741 non
299 684 352 741 ille
367 682 447 741 solus
461 681 525 740 fata
536 685 589 758 qui
603 681 708 739 mundi
724 682 818 751 videt,

223 772 269 849 (in
283 792 338 831 nos
352 772 448 831 fidelis
462 790 568 849 augur,
583 775 615 827 in
628 779 732 848 captas
744 770 844 848 levis),
1071 777 1126 829 180

223 882 285 919 non
299 862 428 939 populus
441 880 534 938 aeger
548 869 581 919 et
595 860 768 918 relucentes
783 863 856 936 rogi.

223 956 304 1010 inter
318 956 433 1010 ruentis
449 951 595 1009 Graeciae
610 959 742 1026 stragem
757 949 897 1007 ultimam

223 1046 289 1099 sine
304 1040 391 1099 hoste
406 1046 504 1098 victus
517 1047 633 1098 marcet
646 1059 681 1096 ac
697 1039 809 1097 Veneri
824 1048 910 1097 vacat

223 1139 403 1208 reparatque
417 1149 534 1188 amores
547 1149 554 1198 ;
574 1149 653 1187 neve
668 1128 807 1186 desertus
821 1127 902 1186 foret

125 1293 130 1299 .
223 1241 241 1276 a
255 1220 370 1297 paelice
385 1240 528 1298 umquam
542 1219 669 1276 barbara
682 1219 802 1276 caelebs
816 1226 910 1290 toruS,

223 1311 355 1370 ablatam
369 1310 482 1368 Achilli
497 1309 599 1386 diligit
614 1308 791 1386 Lyrnesida,

223 1420 281 1459 nec
294 1420 401 1477 rapere
415 1401 526 1477 puduit
540 1419 557 1457 e
572 1403 639 1457 sinu
653 1398 787 1456 avulsam
803 1401 899 1456 viri-

223 1510 263 1548 en
279 1490 392 1548 Paridis
407 1490 543 1547 hostem!
586 1507 668 1545 nunc
683 1507 794 1545 novum
810 1487 919 1546 vulnus
933 1507 1046 1565 gerens

222 1599 325 1638 amore
341 1580 490 1657 Phrygiae
501 1582 578 1637 vatis
592 1583 733 1636 incensus
747 1577 831 1649 firrit,

223 1678 257 1728 et
270 1678 340 1748 post
353 1677 478 1746 tropaea
492 1669 599 1726 Troica
612 1687 647 1725 ac
661 1686 781 1726 versum
796 1667 888 1726 Ilium
1072 1674 1130 1735 190

224 1768 331 1837 captae
345 1763 471 1816 maritus
484 1765 602 1816 remeat
616 1765 649 1815 et
664 1757 774 1815 Priami
789 1777 886 1834 gener
898 1760 905 1815 i

266 1850 444 1925 Accingere,
459 1852 578 1916 anime3
599 1846 680 1904 bella
694 1867 755 1904 non
770 1847 848 1905 levia
861 1868 996 1924 apparas.

223 1940 321 1999 scelus
334 1939 544 2016 occupandum
558 1946 613 1996 est.
650 1942 746 2015 pigra,
761 1958 851 2015 quem
867 1946 1010 2015 expectas
1024 1938 1133 1996 diem?

225 2029 347 2105 Pelopia
362 2028 512 2106 Phrygiae
526 2035 646 2104 sceptra
660 2027 734 2085 dum
747 2036 876 2086 teneant
890 2031 1005 2087 nurus?

169 2114 172 2117 ’
223 2139 262 2175 an
276 2126 309 2176 te
323 2125 479 2175 morantur
492 2121 624 2193 virgines
639 2116 747 2174 viduae
762 2116 844 2174 domi

224 2212 363 2285 patrique
378 2207 504 2264 Orestes
517 2205 643 2264 similis?
685 2206 794 2263 horum
808 2215 840 2265 te
855 2208 934 2265 mala

224 2304 353 2355 ventura
366 2303 519 2367 moveant,
532 2296 622 2353 turbo
636 2300 703 2373 quis
717 2315 818 2353 rerum
832 2301 979 2357 imminet.

224 2386 308 2465 quid,
322 2390 441 2457 misera,
456 2387 575 2444 cessas?
617 2405 656 2443 en
670 2385 758 2445 adest
772 2391 851 2445 natis
865 2391 926 2445 tuis

223 2477 328 2536 furens
341 2496 478 2535 noverca
521 2495 577 2551 per
589 2483 687 2547 tuum,
700 2481 726 2535 si
739 2477 829 2535 aliter
839 2481 956 2555 nequit,
1011 2518 1014 2523 ,

223 2568 303 2626 latus
318 2571 457 2644 exigatur
471 2570 552 2624 ensis
566 2573 599 2623 et
613 2571 743 2642 perimat
756 2567 840 2626 duos

224 2660 316 2714 misce
331 2675 479 2725 cruorem,
491 2654 587 2731 perde
602 2657 759 2732 pereundo
773 2663 870 2715 virum
884 2677 891 2726 ;

222 2766 303 2804 mors
317 2750 427 2802 misera
442 2763 503 2801 non
517 2752 566 2803 est
580 2751 723 2804 commori
737 2768 806 2805 cum
820 2768 881 2825 quo
895 2747 979 2806 velis.

966 2865 1147 2878 ...Ψ-...Ἥ

255 2909 264 2940 ¹
280 2909 405 2973 Chryses,
419 2907 509 2958 father
519 2908 547 2958 ci
558 2908 690 2975 Chryseis.

256 2973 267 3005 ²
281 2973 439 3033 Cassandra,
453 2973 495 3022 hie
506 2974 601 3024 second
614 2976 783 3027 infatuation.
850 2977 861 3009 ⁸
877 2978 995 3029 Calchas

255 3038 323 3089 ‘aa
345 3040 526 3104 Agamemnon
544 3038 663 3091 believed
682 3041 737 3091 him
757 3042 833 3091 when
856 3043 889 3092 he
912 3042 1061 3094 demanded
1087 3046 1147 3098 the

222 3103 345 3221 (ὲῳῢὴῑοί
356 3104 504 3167 Iphigenia,
517 3104 567 3155 but
584 3113 631 3157 not
648 3108 725 3156 when
743 3107 775 3156 he
793 3108 915 3172 required
933 3109 979 3159 the
997 3115 1096 3160 return
1112 3114 1148 3164 of

246 3186 330 3221 r1ees.
1203 3182 1204 3193 ¹

228 3261 263 3312 ’ὃ
1144 3290 1203 3551 l
