2544 3862
374 264 462 321 THE
490 262 730 321 TRAGEDIES
759 263 814 321 OF
842 261 1003 320 SENECA

234 385 351 437 instant
365 388 398 437 et
412 384 477 436 istis
492 383 516 436 si
531 379 611 456 quod
627 387 675 436 est
688 383 784 435 maius
798 378 963 448 malum,-

235 478 270 527 ut
284 489 349 527 esse
364 473 485 546 genitos
500 488 590 525 nemo
605 489 666 525 non
681 488 718 525 ex
732 488 782 525 me
797 471 880 525 sciat.

609 662 761 701 ANTIGONA

274 759 306 817 Si
320 759 413 830 nulla,
427 764 559 836 genitor,
573 779 662 816 causa
675 758 797 816 vivendi
811 759 868 816 tibi
883 766 941 828 est,

233 850 309 907 haec
324 869 384 906 una
397 849 519 907 abunde
534 857 590 919 est,
606 857 641 906 ut
654 857 742 925 pater
756 856 843 906 natos
858 868 946 925 regas

232 952 365 1025 graviter
377 947 523 1006 furentes,
565 955 600 1004 tu
614 952 698 1024 impii
712 947 785 1005 beili
798 951 895 1004 minos
1080 952 1140 1012 290

232 1046 370 1096 avertere
385 1058 463 1095 unus
477 1046 572 1114 tuque
587 1037 748 1095 vaecordes
762 1044 850 1114 potes

233 1128 371 1186 inhibere
385 1132 519 1198 iuvenes,
534 1124 648 1184 civibus
662 1147 769 1203 pacem
784 1127 866 1197 dare,

232 1222 348 1294 patriae
363 1222 508 1294 quietem,
523 1216 637 1274 foederi
652 1217 734 1273 laeso
751 1216 850 1273 fidem.

233 1312 325 1366 vitam
340 1309 396 1365 tibi
411 1311 475 1384 ipse
490 1312 514 1365 si
529 1328 631 1384 negaS,
646 1307 750 1365 multis
765 1327 867 1384 negas,

626 1507 747 1545 onmva

274 1604 338 1662 Illis
352 1608 486 1681 parentis
501 1604 579 1662 ullus
594 1613 647 1662 aut
661 1607 750 1681 aequi
765 1612 812 1661 est
825 1624 919 1675 amor,

232 1694 327 1751 avidis
342 1698 454 1751 cruoris
468 1698 576 1770 imperi
590 1714 741 1750 armorum
755 1694 827 1764 doli,

232 1784 314 1855 diris,
330 1784 474 1854 scelestis,
489 1785 622 1841 breviter
637 1792 672 1840 ut
686 1783 923 1840 dicam-meis?

231 1882 352 1931 certant
365 1879 397 1930 in
412 1893 502 1930 omne
516 1873 632 1931 facinus
647 1880 679 1930 et
694 1878 781 1950 pensi
795 1872 871 1930 nihil

230 1963 357 2035 ducunt,
373 1964 424 2020 ubi
439 1968 519 2040 ipsos
534 1967 577 2019 ira
591 1967 772 2040 praecipites
786 1967 860 2039 agit,

231 2053 377 2130 nefasque
392 2052 509 2110 nullum
523 2073 578 2129 per
592 2053 678 2110 nefas
692 2057 757 2109 nati
771 2060 889 2128 putant.
1077 2059 1136 2110 300

231 2163 292 2199 non
306 2146 400 2219 patris
414 2141 481 2200 illos
495 2146 596 2218 tangit
609 2142 710 2199 afflicti
724 2142 831 2217 pudor,

230 2251 292 2288 non
306 2236 421 2308 patria3
442 2251 537 2308 regno
551 2240 658 2307 pectus
673 2235 837 2289 attonitum
852 2231 934 2290 furit.

231 2327 292 2379 scio
306 2342 366 2399 quo
380 2311 526 2392 strontur,
541 2330 655 2399 quanta
669 2322 768 2378 moliri
782 2329 902 2398 parent,

230 2411 360 2489 ideoque
374 2412 430 2469 leti
444 2431 557 2488 quaero
571 2420 720 2469 maturam
733 2416 812 2468 viam

230 2505 366 2578 morique
380 2520 519 2577 propero,
533 2501 606 2558 dum
620 2505 652 2557 in
666 2501 756 2559 domo
771 2521 862 2558 nemo
876 2509 924 2581 est
937 2521 1005 2559 mea

229 2595 388 2648 nocentior
401 2611 459 2648 me.
502 2599 584 2662 nata,
599 2592 671 2668 quid
686 2593 815 2668 genibus
829 2594 904 2648 meis

229 2680 282 2737 fles
296 2679 461 2737 advoluta?
503 2680 576 2758 quid
590 2701 681 2757 prece
695 2681 878 2738 indomitum
892 2681 1017 2739 domas?

229 2791 324 2827 unum
337 2770 396 2827 hoc
409 2770 504 2828 habet
518 2770 640 2829 fortuna
654 2791 714 2849 quo
728 2776 839 2848 possim
854 2775 930 2849 capi,

228 2864 359 2918 invictus
373 2861 456 2930 aliis3
477 2861 540 2918 sola
554 2869 588 2919 tu
603 2861 728 2919 affectus
742 2869 832 2938 potes

229 2950 346 3008 mollire
361 2950 461 3022 duros,
476 2950 538 3009 sola
552 2955 700 3028 pietatem
714 2955 746 3008 in
760 2952 851 3009 domo
1073 2958 1133 3010 310

229 3041 338 3098 docere
353 3049 463 3099 nostra.
506 3043 550 3098 nil
565 3062 655 3118 grave
669 3050 723 3099 aut
736 3046 880 3099 miserum
894 3049 942 3100 est
955 3041 1029 3099 mihi

228 3131 310 3208 quod
324 3139 356 3188 te
371 3137 463 3188 seiam
477 3132 605 3189 voluisse
619 3152 627 3200 ;
648 3140 682 3190 tu
697 3140 818 3189 tantum
835 3136 950 3208 impera
962 3151 970 3200 ;

229 3226 288 3286 366
