2544 3840
379 292 467 349 THE
495 291 735 350 TRAGEDIES
764 291 818 350 OF
847 290 1009 349 SENECA

239 426 308 463 cum
323 407 407 464 lenta
421 426 546 483 serpens
561 406 657 477 fieret,
672 410 704 462 in
717 414 838 463 taurum
852 412 971 463 trucem

238 516 320 554 nunc
333 495 472 554 flecteret
485 504 628 572 serpente
642 495 781 572 deposita
794 499 901 566 minas,

239 594 272 643 et
285 586 369 644 mille
383 591 415 643 in
430 586 518 644 hoste
533 590 669 643 vinceres
684 605 744 642 uno
758 584 846 642 feras.

238 679 298 732 iam
312 675 516 751 displicemus,
531 683 619 752 capta
634 674 768 751 praelata
783 682 831 732 est
844 675 960 731 mihi—-

238 785 300 822 non
314 764 504 842 praeferetur
516 784 524 834 ;
545 769 597 842 qui
611 764 676 822 dies
691 764 817 831 thalami
831 764 956 822 ultimus

238 859 333 913 nostri
347 863 395 913 est
408 854 538 927 futurus,
551 855 602 912 hic
617 859 675 912 erit
689 858 769 913 vitae
783 862 863 912 tuae.

279 944 362 1017 Quid
376 945 455 1003 hoc?
496 945 614 1003 recedit
627 949 744 1003 animus
759 952 792 1002 et
805 949 893 1021 ponit
906 948 1011 1002 minas.

238 1040 298 1094 iam
312 1043 410 1094 cessat
423 1039 467 1092 ira
479 1055 487 1104 ;
508 1035 582 1113 quid
595 1039 686 1092 miser
699 1034 826 1111 langues
840 1034 947 1091 dolor?

238 1125 340 1202 perdis
354 1124 496 1197 furorem,
512 1128 648 1201 coniugis
662 1127 773 1182 tacitae
788 1123 879 1181 fidem

237 1216 311 1273 mihi
326 1216 428 1274 reddis
442 1215 678 1293 iterum-quid
692 1222 776 1272 vetas
790 1214 923 1271 flammas
938 1213 977 1270 ali
989 1214 1000 1270 ἲ
1084 1219 1142 1269 310

237 1306 311 1383 quid
325 1305 439 1382 frangis
452 1307 561 1382 ignes?
602 1304 684 1362 hunc
697 1303 773 1361 mihi
788 1322 872 1361 serva
886 1307 1044 1380 impetum,

238 1416 325 1472 pares
339 1414 443 1453 eamus
453 1394 569 1452 1—non
583 1399 642 1452 erit
656 1398 733 1452 votis
747 1413 822 1470 opus
835 1412 843 1462 ;

237 1486 336 1543 aderit
350 1505 478 1544 noverca
492 1484 569 1563 quae
584 1504 691 1543 manus
705 1492 822 1541 nostras
836 1490 924 1559 regat

238 1596 295 1633 nec
309 1580 455 1632 invocata.

633 1728 745 1768 NVTRIX

459 1829 551 1903 Quod
564 1851 651 1908 paras
665 1831 792 1888 demens
806 1829 925 1886 scelus?

238 1926 368 1998 perimes
383 1925 524 1979 maritum
539 1925 623 1978 cuius
638 1928 792 1978 extremus
806 1919 871 1976 dies

237 2016 411 2089 primusque
425 2011 530 2068 laudes
544 2014 630 2068 novit
644 2018 676 2068 et
690 2008 774 2067 caelo
788 2016 879 2066 tenus

237 2108 339 2158 erecta
353 2107 449 2157 terras
464 2099 543 2156 fama
558 2104 726 2176 suppositas
740 2097 857 2154 habet?

238 2187 397 2246 Graiorum
411 2193 443 2246 in
457 2193 530 2246 istos
544 2196 625 2245 terra
639 2194 803 2262 consurget
819 2185 898 2243 lares

236 2278 404 2356 domusque
418 2282 513 2337 soceri
527 2282 623 2355 prima
637 2284 670 2334 et
685 2276 830 2333 Aetolum
844 2295 943 2352 genus

237 2377 391 2427 sternetur
404 2387 514 2437 onrne;
536 2387 606 2424 saxa
620 2371 680 2423 iam
694 2365 810 2423 dudum
824 2386 859 2422 ac
877 2364 959 2422 faces
1082 2369 1141 2420 3⁶20

236 2463 312 2517 inte
327 2458 473 2529 ferentur,
489 2457 640 2514 vindicem
654 2455 745 2513 tellus
760 2474 847 2513 suum

236 2548 385 2606 defendet
399 2552 505 2606 omnis.
549 2567 609 2604 una
623 2553 698 2624 quot
712 2564 824 2622 poenas
839 2543 943 2600 dabis!

235 2638 368 2715 effugere
383 2646 479 2696 terras
493 2637 584 2695 crede
599 2645 631 2694 et
645 2636 812 2693 humanum
826 2651 923 2710 genus

235 2735 268 2785 te
283 2727 529 2804 posse—fulmen
542 2730 663 2803 genitor
676 2725 803 2783 Alcidae
817 2727 906 2800 gerit.

235 2821 294 2877 iarn
309 2821 368 2875 iam
382 2821 515 2875 minaces
529 2821 572 2874 ire
587 2834 641 2892 per
655 2814 773 2872 caelum
787 2812 868 2871 faces

235 2915 340 2983 specta
354 2915 387 2965 et
400 2915 560 2965 tonantem
574 2904 702 2962 fulmine
717 2922 843 2961 excusso
856 2901 946 2959 diem.

236 3005 367 3055 mortem
381 3015 501 3074 quoque
515 3000 620 3072 ipsam,
635 3013 726 3071 quam
740 3000 829 3070 putas
842 2999 953 3062 tutam,
966 2993 1059 3057 time;

267 3113 276 3145 ¹
293 3115 327 3165 So
339 3115 392 3164 Leo
403 3115 457 3163 aad
469 3113 581 3174 Richter,
587 3112 724 3176 followinq
737 3127 773 3160 an
790 3107 951 3160 emendation
968 3108 1000 3172 os
1013 3106 1140 3168 Madviyz

234 3186 324 3245 patres
336 3181 433 3229 erimus
444 3179 471 3228 n
478 3196 487 3228 .·
504 3194 580 3244 pares
592 3194 696 3228 eramus
708 3177 743 3226 A.

236 3265 294 3317 208
