2432 3838
357 267 445 324 THE
473 265 712 324 TRAGEDIES
740 266 795 325 OF
823 266 984 324 SENECA

217 382 321 439 bibere
335 381 444 440 tumuli
459 385 638 458 sanguinem
652 389 746 459 atque
759 399 828 439 arae
842 401 955 439 meum.
1060 382 1117 442 700
1206 444 1207 465 χ

216 471 289 548 quid
303 472 354 529 illa
370 471 442 529 felix
456 472 545 529 turba
559 470 685 529 fraterni
699 473 822 548 gregis?

216 561 363 620 exhausta
376 548 487 638 nempe
501 563 508 618 I
549 564 632 637 regia
646 565 748 619 miseri
762 580 851 619 senes

215 671 308 708 vacua
321 652 421 708 relicti
433 669 440 719 ;
461 659 569 727 totque
583 670 639 726 per
652 650 800 708 thalamos
815 651 923 708 vident

214 749 336 817 praeter
352 742 519 798 Lacaenam
534 749 651 799 ceteras
665 740 769 799 viduas
784 761 884 799 nurus.

215 838 263 887 tot
277 829 328 886 illa
342 850 448 906 regum
461 819 560 889 mater
575 837 608 889 et
621 834 760 906 regimen
776 829 941 908 Phrygum,

214 918 345 977 fecunda
358 924 390 977 in
404 924 491 997 ignes
507 920 637 978 Hecuba
651 919 783 976 fatorum
797 940 888 978 novas

214 1018 340 1086 experta
353 1010 438 1087 leges
452 1009 553 1068 induit
567 1008 669 1067 vultus
683 1008 783 1068 ferosz

214 1104 293 1157 circa
306 1104 407 1158 ruinas
422 1100 526 1158 rabida
539 1099 661 1157 latravit
675 1118 753 1170 suaa,

213 1188 320 1247 Troiae
334 1198 498 1266 superstes,
515 1189 654 1260 Hectori,
671 1188 798 1261 Priamo,
813 1190 887 1248 sibi!

606 1401 719 1439 CHORVS

253 1496 330 1554 Silet
344 1505 472 1574 repente
489 1497 625 1554 Phoebas
640 1505 673 1555 et
687 1499 783 1575 pallor
796 1519 890 1576 genas
1058 1504 1121 1563 710
1206 1526 1207 1619 q

212 1587 378 1665 creberque
394 1595 494 1644 totum
509 1587 644 1664 possidet
657 1608 764 1666 corpus
779 1597 894 1647 tremor
907 1610 914 1657 ;
1206 1622 1207 1663 q

211 1682 326 1733 stetere
341 1680 447 1748 vittae,
460 1676 559 1735 mollis
573 1676 720 1736 horrescit
737 1698 832 1749 coma,

210 1765 320 1823 anhela
335 1766 425 1823 corda
438 1787 591 1827 murmure
606 1768 722 1826 incluso
736 1767 881 1839 fremunt,

211 1860 328 1914 incerta
343 1865 453 1915 nutant
467 1857 581 1916 lumina
595 1867 629 1917 et
642 1862 721 1917 versi
735 1868 818 1916 retro

210 1955 392 2024 torquentur
406 1948 494 2020 oculi,
509 1969 609 2007 rursus
624 1953 744 2006 immoti
758 1953 868 2026 rigent.

210 2056 292 2093 nunc
305 2037 387 2095 levat
402 2041 433 2094 in
448 2058 534 2095 auras
548 2039 638 2096 altior
651 2039 740 2096 solito
756 2046 848 2115 caput

210 2125 407 2204 graditurque
421 2128 511 2197 celsa,
527 2146 608 2183 nunc
624 2126 810 2186 reluctantes
824 2136 911 2205 parat

208 2234 341 2273 reserare
355 2215 468 2286 fauces,
483 2215 574 2271 verba
588 2233 670 2271 nune
684 2215 784 2274 clauso
798 2218 877 2275 male

209 2305 341 2363 custodit
355 2323 406 2361 ore
421 2321 545 2360 maenas
559 2306 721 2379 impatiens
735 2305 793 2364 dei.

573 2501 739 2542 cassANnna

248 2600 330 2672 Quid
346 2618 395 2656 me
410 2597 517 2654 furoris
532 2601 655 2659 incitam
670 2603 799 2680 stimulis
818 2609 888 2661 novi
1055 2611 1129 2669 720
1206 2590 1207 2625 ss

207 2691 280 2767 quid
295 2691 556 2763 mentis-inopem,
571 2707 652 2747 sacra
668 2691 789 2751 Parnasi
803 2698 884 2771 iuga,

207 2780 336 2856 rapitis?
379 2776 500 2847 recede,
517 2776 648 2851 Phoebe,
662 2785 723 2838 iam
736 2803 798 2840 nou
814 2805 879 2843 sum
895 2795 958 2857 tua,

207 2873 354 2944 extingue
368 2866 501 2924 flammas
516 2873 632 2942 pectori
646 2871 751 2930 infixas
765 2893 841 2932 meo.

207 2962 256 3015 cui
270 2976 352 3013 nunc
366 2974 458 3031 vagor
471 2959 621 3014 vaesana?
663 2965 712 3017 cui
725 2963 854 3021 bacchor
867 2964 971 3025 furens
983 2968 994 3029 i

206 3053 267 3104 iam
281 3045 370 3102 Troia
384 3044 614 3104 cecidit-falsa
627 3049 700 3126 quid
715 3060 798 3110 vates
812 3057 893 3131 ago?

208 3227 244 3278 58

511 3534 1186 3778 κλμ
