<?xml version="1.0" encoding="UTF-8"?>
<!DOCTYPE html PUBLIC "-//W3C//DTD XHTML 1.0 Transitional//EN"
    "http://www.w3.org/TR/xhtml1/DTD/xhtml1-transitional.dtd">
<html xmlns="http://www.w3.org/1999/xhtml" xml:lang="en" lang="en">
 <head>
  <title>
</title>
<meta http-equiv="Content-Type" content="text/html;charset=utf-8" />
  <meta name='ocr-system' content='tesseract 3.04.00' />
  <meta name='ocr-capabilities' content='ocr_page ocr_carea ocr_par ocr_line ocrx_word'/>
</head>
<body>
  <div class='ocr_page' id='page_1' title='image "./senecastragedie01millgoog_0283.png"; bbox 0 0 2532 3846; ppageno 0'>
   <div class='ocr_carea' id='block_1_1' title="bbox 358 325 987 386">
    <p class='ocr_par' dir='ltr' id='par_1_1' title="bbox 358 325 987 386">
     <span class='ocr_line' id='line_1_1' title="bbox 358 325 987 386; baseline 0.003 -5"><span class='ocrx_word' id='word_1_1' title='bbox 358 325 448 383; x_wconf 84' lang='lat' dir='ltr'><strong>THE</strong></span> <span class='ocrx_word' id='word_1_2' title='bbox 474 325 714 385; x_wconf 86' lang='lat' dir='ltr'><strong>TRAGEDIES</strong></span> <span class='ocrx_word' id='word_1_3' title='bbox 742 326 798 386; x_wconf 85' lang='lat' dir='ltr'><strong>OF</strong></span> <span class='ocrx_word' id='word_1_4' title='bbox 825 326 987 386; x_wconf 86' lang='lat' dir='ltr'>SENECA</span> 
     </span>
    </p>
   </div>
   <div class='ocr_carea' id='block_1_2' title="bbox 214 440 1122 2875">
    <p class='ocr_par' dir='ltr' id='par_1_2' title="bbox 217 440 895 520">
     <span class='ocr_line' id='line_1_2' title="bbox 217 440 895 520; baseline 0.003 -23"><span class='ocrx_word' id='word_1_5' title='bbox 217 440 355 518; x_wconf 91' lang='lat' dir='ltr'><strong>impellat</strong></span> <span class='ocrx_word' id='word_1_6' title='bbox 368 461 488 499; x_wconf 88' lang='lat' dir='ltr'><strong>umeros</strong></span> <span class='ocrx_word' id='word_1_7' title='bbox 500 462 507 510; x_wconf 94' lang='grc'><strong>;</strong></span> <span class='ocrx_word' id='word_1_8' title='bbox 529 462 578 499; x_wconf 91' lang='lat' dir='ltr'><strong>me</strong></span> <span class='ocrx_word' id='word_1_9' title='bbox 592 463 686 519; x_wconf 81' lang='lat' dir='ltr'><strong>vagus</strong></span> <span class='ocrx_word' id='word_1_10' title='bbox 700 443 799 520; x_wconf 82' lang='lat' dir='ltr'><strong>fugiat</strong></span> <span class='ocrx_word' id='word_1_11' title='bbox 813 442 895 501; x_wconf 80' lang='lat' dir='ltr'><strong>latex</strong></span> 
     </span>
    </p>

    <p class='ocr_par' dir='ltr' id='par_1_3' title="bbox 217 522 823 600">
     <span class='ocr_line' id='line_1_3' title="bbox 217 522 823 600; baseline 0.005 -21"><span class='ocrx_word' id='word_1_12' title='bbox 217 542 377 600; x_wconf 83' lang='lat' dir='ltr'><strong>meamque</strong></span> <span class='ocrx_word' id='word_1_13' title='bbox 391 522 483 580; x_wconf 85' lang='lat' dir='ltr'><strong>fallax</strong></span> <span class='ocrx_word' id='word_1_14' title='bbox 497 524 579 581; x_wconf 91' lang='lat' dir='ltr'><strong>unda</strong></span> <span class='ocrx_word' id='word_1_15' title='bbox 592 524 720 582; x_wconf 86' lang='lat' dir='ltr'><strong>deludat</strong></span> <span class='ocrx_word' id='word_1_16' title='bbox 733 529 823 582; x_wconf 85' lang='lat' dir='ltr'><strong>sitim.</strong></span> 
     </span>
    </p>

    <p class='ocr_par' dir='ltr' id='par_1_4' title="bbox 217 606 864 681">
     <span class='ocr_line' id='line_1_4' title="bbox 217 606 864 681; baseline 0.003 -20"><span class='ocrx_word' id='word_1_17' title='bbox 217 608 314 661; x_wconf 90' lang='lat' dir='ltr'><strong>merui</strong></span> <span class='ocrx_word' id='word_1_18' title='bbox 328 624 435 663; x_wconf 88' lang='lat' dir='ltr'><strong>manus</strong></span> <span class='ocrx_word' id='word_1_19' title='bbox 449 606 595 681; x_wconf 89' lang='lat' dir='ltr'><strong>praebere</strong></span> <span class='ocrx_word' id='word_1_20' title='bbox 609 607 780 663; x_wconf 82' lang='lat' dir='ltr'>turbinibus</span> <span class='ocrx_word' id='word_1_21' title='bbox 794 609 864 676; x_wconf 77' lang='lat' dir='ltr'><strong>tuiS,</strong></span> 
     </span>
    </p>

    <p class='ocr_par' dir='ltr' id='par_1_5' title="bbox 217 686 972 765">
     <span class='ocr_line' id='line_1_5' title="bbox 217 686 972 765; baseline 0.001 -22"><span class='ocrx_word' id='word_1_22' title='bbox 217 705 425 763; x_wconf 86' lang='lat' dir='ltr'><strong>quaecumque</strong></span> <span class='ocrx_word' id='word_1_23' title='bbox 439 705 545 762; x_wconf 89' lang='lat' dir='ltr'><strong>regem</strong></span> <span class='ocrx_word' id='word_1_24' title='bbox 558 686 736 744; x_wconf 89' lang='lat' dir='ltr'><strong>Thessalum</strong></span> <span class='ocrx_word' id='word_1_25' title='bbox 751 696 874 765; x_wconf 85' lang='lat' dir='ltr'><strong>torques</strong></span> <span class='ocrx_word' id='word_1_26' title='bbox 888 695 972 757; x_wconf 81' lang='lat' dir='ltr'><strong>rota3</strong></span> 
     </span>
    </p>

    <p class='ocr_par' dir='ltr' id='par_1_6' title="bbox 218 766 904 826">
     <span class='ocr_line' id='line_1_6' title="bbox 218 766 904 826; baseline 0.003 -2"><span class='ocrx_word' id='word_1_27' title='bbox 218 767 341 825; x_wconf 85' lang='lat' dir='ltr'><strong>effodiat</strong></span> <span class='ocrx_word' id='word_1_28' title='bbox 355 767 459 825; x_wconf 89' lang='lat' dir='ltr'><strong>avidus</strong></span> <span class='ocrx_word' id='word_1_29' title='bbox 474 766 545 824; x_wconf 90' lang='lat' dir='ltr'><strong>hinc</strong></span> <span class='ocrx_word' id='word_1_30' title='bbox 561 776 593 825; x_wconf 89' lang='lat' dir='ltr'><strong>et</strong></span> <span class='ocrx_word' id='word_1_31' title='bbox 606 767 678 825; x_wconf 92' lang='lat' dir='ltr'><strong>hinc</strong></span> <span class='ocrx_word' id='word_1_32' title='bbox 692 768 794 826; x_wconf 90' lang='lat' dir='ltr'><strong>vultur</strong></span> <span class='ocrx_word' id='word_1_33' title='bbox 808 768 904 826; x_wconf 62' lang='lat' dir='ltr'><strong>fibram</strong></span> 
     </span>
    </p>

    <p class='ocr_par' dir='ltr' id='par_1_7' title="bbox 216 846 960 927">
     <span class='ocr_line' id='line_1_7' title="bbox 216 846 960 927; baseline 0.004 -22"><span class='ocrx_word' id='word_1_34' title='bbox 216 846 325 906; x_wconf 83' lang='lat' dir='ltr'><strong>vacat²</strong></span> <span class='ocrx_word' id='word_1_35' title='bbox 338 867 399 905; x_wconf 88' lang='lat' dir='ltr'><strong>una</strong></span> <span class='ocrx_word' id='word_1_36' title='bbox 413 846 536 920; x_wconf 85' lang='lat' dir='ltr'><strong>Danais,</strong></span> <span class='ocrx_word' id='word_1_37' title='bbox 550 848 604 906; x_wconf 85' lang='lat' dir='ltr'><strong>has</strong></span> <span class='ocrx_word' id='word_1_38' title='bbox 618 869 676 926; x_wconf 83' lang='lat' dir='ltr'><strong>ego</strong></span> <span class='ocrx_word' id='word_1_39' title='bbox 695 849 824 927; x_wconf 89' lang='lat' dir='ltr'><strong>explebo</strong></span> <span class='ocrx_word' id='word_1_40' title='bbox 838 854 960 909; x_wconf 86' lang='lat' dir='ltr'><strong>vices—</strong></span> 
     </span>
    </p>

    <p class='ocr_par' dir='ltr' id='par_1_8' title="bbox 216 929 891 1007">
     <span class='ocr_line' id='line_1_8' title="bbox 216 929 891 1007; baseline 0.004 -22"><span class='ocrx_word' id='word_1_41' title='bbox 216 929 317 987; x_wconf 89' lang='lat' dir='ltr'><strong>laxate</strong></span> <span class='ocrx_word' id='word_1_42' title='bbox 331 949 444 988; x_wconf 85' lang='lat' dir='ltr'><strong>manes.</strong></span> <span class='ocrx_word' id='word_1_43' title='bbox 488 934 589 1007; x_wconf 83' lang='lat' dir='ltr'><strong>recipe</strong></span> <span class='ocrx_word' id='word_1_44' title='bbox 603 950 653 987; x_wconf 91' lang='lat' dir='ltr'><strong>me</strong></span> <span class='ocrx_word' id='word_1_45' title='bbox 668 936 811 989; x_wconf 87' lang='lat' dir='ltr'><strong>comitem</strong></span> <span class='ocrx_word' id='word_1_46' title='bbox 824 932 891 1003; x_wconf 84' lang='lat' dir='ltr'><strong>tibi,</strong></span> 
     </span>
    </p>

    <p class='ocr_par' dir='ltr' id='par_1_9' title="bbox 218 1009 890 1089">
     <span class='ocr_line' id='line_1_9' title="bbox 218 1009 890 1089; baseline 0.006 -23"><span class='ocrx_word' id='word_1_47' title='bbox 218 1009 361 1067; x_wconf 89' lang='lat' dir='ltr'><strong>Phasiaca</strong></span> <span class='ocrx_word' id='word_1_48' title='bbox 375 1015 524 1080; x_wconf 83' lang='lat' dir='ltr'><strong>coniunx3</strong></span> <span class='ocrx_word' id='word_1_49' title='bbox 540 1015 624 1088; x_wconf 87' lang='lat' dir='ltr'><strong>peior</strong></span> <span class='ocrx_word' id='word_1_50' title='bbox 638 1012 722 1082; x_wconf 90' lang='lat' dir='ltr'><strong>haec,</strong></span> <span class='ocrx_word' id='word_1_51' title='bbox 736 1017 822 1089; x_wconf 90' lang='lat' dir='ltr'><strong>peior</strong></span> <span class='ocrx_word' id='word_1_52' title='bbox 836 1021 890 1071; x_wconf 89' lang='lat' dir='ltr'><strong>tuo</strong></span> 
     </span>
    </p>

    <p class='ocr_par' dir='ltr' id='par_1_10' title="bbox 216 1092 978 1169">
     <span class='ocr_line' id='line_1_10' title="bbox 216 1092 978 1169; baseline 0.007 -21"><span class='ocrx_word' id='word_1_53' title='bbox 216 1098 346 1169; x_wconf 91' lang='lat' dir='ltr'><strong>utroque</strong></span> <span class='ocrx_word' id='word_1_54' title='bbox 361 1092 469 1150; x_wconf 84' lang='lat' dir='ltr'><strong>dextra</strong></span> <span class='ocrx_word' id='word_1_55' title='bbox 483 1100 531 1150; x_wconf 88' lang='lat' dir='ltr'><strong>est</strong></span> <span class='ocrx_word' id='word_1_56' title='bbox 544 1093 669 1163; x_wconf 86' lang='lat' dir='ltr'><strong>scelere,</strong></span> <span class='ocrx_word' id='word_1_57' title='bbox 684 1113 736 1150; x_wconf 93' lang='lat' dir='ltr'><strong>seu</strong></span> <span class='ocrx_word' id='word_1_58' title='bbox 752 1094 851 1151; x_wconf 85' lang='lat' dir='ltr'><strong>mat&#39;er</strong></span> <span class='ocrx_word' id='word_1_59' title='bbox 864 1114 978 1153; x_wconf 88' lang='lat' dir='ltr'><strong>nocens</strong></span> 
     </span>
    </p>

    <p class='ocr_par' dir='ltr' id='par_1_11' title="bbox 216 1173 917 1246">
     <span class='ocr_line' id='line_1_11' title="bbox 216 1173 917 1246; baseline 0.004 -16"><span class='ocrx_word' id='word_1_60' title='bbox 216 1192 270 1230; x_wconf 87' lang='lat' dir='ltr'><strong>seu</strong></span> <span class='ocrx_word' id='word_1_61' title='bbox 284 1173 349 1230; x_wconf 89' lang='lat' dir='ltr'><strong>dira</strong></span> <span class='ocrx_word' id='word_1_62' title='bbox 363 1192 446 1231; x_wconf 90' lang='lat' dir='ltr'><strong>soror</strong></span> <span class='ocrx_word' id='word_1_63' title='bbox 459 1193 510 1242; x_wconf 88' lang='lat' dir='ltr'><strong>es;</strong></span> <span class='ocrx_word' id='word_1_64' title='bbox 531 1174 610 1231; x_wconf 88' lang='lat' dir='ltr'><strong>adde</strong></span> <span class='ocrx_word' id='word_1_65' title='bbox 625 1194 674 1231; x_wconf 91' lang='lat' dir='ltr'><strong>me</strong></span> <span class='ocrx_word' id='word_1_66' title='bbox 689 1180 832 1233; x_wconf 88' lang='lat' dir='ltr'><strong>comitem</strong></span> <span class='ocrx_word' id='word_1_67' title='bbox 847 1180 917 1246; x_wconf 77' lang='lat' dir='ltr'><strong>tuiS,</strong></span> 
     </span>
    </p>

    <p class='ocr_par' dir='ltr' id='par_1_12' title="bbox 217 1253 939 1328">
     <span class='ocr_line' id='line_1_12' title="bbox 217 1253 939 1328; baseline 0.006 -17"><span class='ocrx_word' id='word_1_68' title='bbox 217 1253 356 1312; x_wconf 89' lang='lat' dir='ltr'><strong>Threicia</strong></span> <span class='ocrx_word' id='word_1_69' title='bbox 370 1259 512 1327; x_wconf 88' lang='lat' dir='ltr'><strong>coniunx,</strong></span> <span class='ocrx_word' id='word_1_70' title='bbox 525 1255 706 1325; x_wconf 86' lang='lat' dir='ltr'><strong>sceleribus3</strong></span> <span class='ocrx_word' id='word_1_71' title='bbox 727 1265 830 1315; x_wconf 84' lang='lat' dir='ltr'><strong>natam</strong></span> <span class='ocrx_word' id='word_1_72' title='bbox 844 1265 939 1328; x_wconf 84' lang='lat' dir='ltr'><strong>tuam,</strong></span> 
     </span>
    </p>

    <p class='ocr_par' dir='ltr' id='par_1_13' title="bbox 216 1335 866 1413">
     <span class='ocr_line' id='line_1_13' title="bbox 216 1335 866 1413; baseline 0.005 -21"><span class='ocrx_word' id='word_1_73' title='bbox 216 1335 348 1394; x_wconf 79' lang='lat' dir='ltr'><strong>Althaea</strong></span> <span class='ocrx_word' id='word_1_74' title='bbox 361 1345 469 1407; x_wconf 88' lang='lat' dir='ltr'><strong>mater,</strong></span> <span class='ocrx_word' id='word_1_75' title='bbox 483 1341 595 1413; x_wconf 79' lang='lat' dir='ltr'><strong>recipe,</strong></span> <span class='ocrx_word' id='word_1_76' title='bbox 609 1357 691 1394; x_wconf 91' lang='lat' dir='ltr'><strong>nunc</strong></span> <span class='ocrx_word' id='word_1_77' title='bbox 704 1357 806 1395; x_wconf 89' lang='lat' dir='ltr'><strong>veram</strong></span> <span class='ocrx_word' id='word_1_78' title='bbox 820 1342 866 1395; x_wconf 92' lang='lat' dir='ltr'><strong>tui</strong></span> 
     </span>
    </p>

    <p class='ocr_par' dir='ltr' id='par_1_14' title="bbox 216 1417 966 1495">
     <span class='ocr_line' id='line_1_14' title="bbox 216 1417 966 1495; baseline 0.004 -21"><span class='ocrx_word' id='word_1_79' title='bbox 216 1436 347 1492; x_wconf 85' lang='lat' dir='ltr'><strong>agnosce</strong></span> <span class='ocrx_word' id='word_1_80' title='bbox 360 1417 592 1495; x_wconf 88' lang='lat' dir='ltr'><strong>prolem-quid</strong></span> <span class='ocrx_word' id='word_1_81' title='bbox 605 1426 710 1475; x_wconf 85' lang='lat' dir='ltr'><strong>tamen</strong></span> <span class='ocrx_word' id='word_1_82' title='bbox 724 1427 846 1477; x_wconf 81' lang='lat' dir='ltr'><strong>tantum</strong></span> <span class='ocrx_word' id='word_1_83' title='bbox 859 1440 966 1477; x_wconf 90' lang='lat' dir='ltr'><strong>manus</strong></span> 
     </span>
    </p>

    <p class='ocr_par' dir='ltr' id='par_1_15' title="bbox 217 1499 977 1578">
     <span class='ocr_line' id='line_1_15' title="bbox 217 1499 977 1578; baseline 0.007 -24"><span class='ocrx_word' id='word_1_84' title='bbox 217 1505 335 1555; x_wconf 85' lang='lat' dir='ltr'><strong>vestrae</strong></span> <span class='ocrx_word' id='word_1_85' title='bbox 349 1499 563 1557; x_wconf 83' lang='lat' dir='ltr'><strong>abstulerunt?</strong></span> <span class='ocrx_word' id='word_1_86' title='bbox 604 1499 737 1558; x_wconf 78' lang='lat' dir='ltr'><strong>claudite</strong></span> <span class='ocrx_word' id='word_1_87' title='bbox 751 1500 889 1578; x_wconf 87' lang='lat' dir='ltr'><strong>Elysium</strong></span> <span class='ocrx_word' id='word_1_88' title='bbox 901 1501 977 1559; x_wconf 89' lang='lat' dir='ltr'><strong>mihi</strong></span> 
     </span>
    </p>

    <p class='ocr_par' dir='ltr' id='par_1_16' title="bbox 216 1579 909 1658">
     <span class='ocr_line' id='line_1_16' title="bbox 216 1579 909 1658; baseline 0.009 -24"><span class='ocrx_word' id='word_1_89' title='bbox 216 1597 425 1656; x_wconf 87' lang='lat' dir='ltr'><strong>quaecumque</strong></span> <span class='ocrx_word' id='word_1_90' title='bbox 439 1579 516 1637; x_wconf 86' lang='lat' dir='ltr'><strong>fidae</strong></span> <span class='ocrx_word' id='word_1_91' title='bbox 530 1585 675 1658; x_wconf 86' lang='lat' dir='ltr'><strong>coniuges</strong></span> <span class='ocrx_word' id='word_1_92' title='bbox 688 1587 820 1639; x_wconf 88' lang='lat' dir='ltr'><strong>nemoris</strong></span> <span class='ocrx_word' id='word_1_93' title='bbox 834 1587 909 1640; x_wconf 89' lang='lat' dir='ltr'><strong>sacri</strong></span> 
     </span>
    </p>

    <p class='ocr_par' dir='ltr' id='par_1_17' title="bbox 216 1659 843 1740">
     <span class='ocr_line' id='line_1_17' title="bbox 216 1659 843 1740; baseline 0.008 -24"><span class='ocrx_word' id='word_1_94' title='bbox 216 1659 299 1717; x_wconf 88' lang='lat' dir='ltr'><strong>lucos</strong></span> <span class='ocrx_word' id='word_1_95' title='bbox 313 1665 427 1718; x_wconf 83' lang='lat' dir='ltr'><strong>tenetis</strong></span> <span class='ocrx_word' id='word_1_96' title='bbox 440 1680 447 1729; x_wconf 89' lang='lat'><strong>;</strong></span> <span class='ocrx_word' id='word_1_97' title='bbox 469 1665 493 1719; x_wconf 93' lang='lat' dir='ltr'><strong>si</strong></span> <span class='ocrx_word' id='word_1_98' title='bbox 507 1681 566 1738; x_wconf 89' lang='lat' dir='ltr'><strong>qua</strong></span> <span class='ocrx_word' id='word_1_99' title='bbox 579 1668 723 1740; x_wconf 85' lang='lat' dir='ltr'><strong>respersit</strong></span> <span class='ocrx_word' id='word_1_100' title='bbox 736 1683 843 1721; x_wconf 90' lang='lat' dir='ltr'><strong>manus</strong></span> 
     </span>
    </p>

    <p class='ocr_par' dir='ltr' id='par_1_18' title="bbox 217 1744 802 1802">
     <span class='ocr_line' id='line_1_18' title="bbox 217 1744 802 1802; baseline 0.009 -5"><span class='ocrx_word' id='word_1_101' title='bbox 217 1745 271 1797; x_wconf 90' lang='lat' dir='ltr'><strong>viri</strong></span> <span class='ocrx_word' id='word_1_102' title='bbox 286 1761 391 1799; x_wconf 87' lang='lat' dir='ltr'><strong>cruore</strong></span> <span class='ocrx_word' id='word_1_103' title='bbox 406 1761 463 1799; x_wconf 90' lang='lat' dir='ltr'><strong>nec</strong></span> <span class='ocrx_word' id='word_1_104' title='bbox 477 1763 593 1801; x_wconf 89' lang='lat' dir='ltr'><strong>memor</strong></span> <span class='ocrx_word' id='word_1_105' title='bbox 607 1752 707 1802; x_wconf 84' lang='lat' dir='ltr'><strong>castae</strong></span> <span class='ocrx_word' id='word_1_106' title='bbox 728 1744 802 1802; x_wconf 89' lang='lat' dir='ltr'><strong>facis</strong></span> 
     </span>
    </p>

    <p class='ocr_par' dir='ltr' id='par_1_19' title="bbox 216 1824 1122 1895">
     <span class='ocr_line' id='line_1_19' title="bbox 216 1824 1122 1895; baseline 0.009 -16"><span class='ocrx_word' id='word_1_107' title='bbox 216 1826 321 1880; x_wconf 90' lang='lat' dir='ltr'><strong>stricto</strong></span> <span class='ocrx_word' id='word_1_108' title='bbox 335 1832 462 1882; x_wconf 86' lang='lat' dir='ltr'><strong>cruenta</strong></span> <span class='ocrx_word' id='word_1_109' title='bbox 476 1824 575 1882; x_wconf 88' lang='lat' dir='ltr'><strong>Belias</strong></span> <span class='ocrx_word' id='word_1_110' title='bbox 590 1825 671 1883; x_wconf 88' lang='lat' dir='ltr'><strong>ferro</strong></span> <span class='ocrx_word' id='word_1_111' title='bbox 685 1830 783 1895; x_wconf 86' lang='lat' dir='ltr'><strong>stetit,</strong></span> <span class='ocrx_word' id='word_1_112' title='bbox 966 1877 972 1887; x_wconf 81' lang='grc'><em>.</em></span> <span class='ocrx_word' id='word_1_113' title='bbox 1060 1827 1122 1895; x_wconf 89' lang='grc'><strong>960</strong></span> 
     </span>
    </p>

    <p class='ocr_par' dir='ltr' id='par_1_20' title="bbox 215 1907 847 1983">
     <span class='ocr_line' id='line_1_20' title="bbox 215 1907 847 1983; baseline 0.008 -23"><span class='ocrx_word' id='word_1_114' title='bbox 215 1909 247 1960; x_wconf 91' lang='lat' dir='ltr'><strong>in</strong></span> <span class='ocrx_word' id='word_1_115' title='bbox 261 1925 311 1962; x_wconf 89' lang='lat' dir='ltr'><strong>me</strong></span> <span class='ocrx_word' id='word_1_116' title='bbox 326 1925 394 1963; x_wconf 89' lang='lat' dir='ltr'><strong>suas</strong></span> <span class='ocrx_word' id='word_1_117' title='bbox 407 1915 552 1983; x_wconf 81' lang='lat' dir='ltr'><strong>agnoscat</strong></span> <span class='ocrx_word' id='word_1_118' title='bbox 567 1915 599 1965; x_wconf 88' lang='lat' dir='ltr'><strong>et</strong></span> <span class='ocrx_word' id='word_1_119' title='bbox 613 1907 719 1966; x_wconf 88' lang='lat' dir='ltr'><strong>laudet</strong></span> <span class='ocrx_word' id='word_1_120' title='bbox 732 1926 847 1965; x_wconf 82' lang='lat' dir='ltr'><strong>manus</strong></span> 
     </span>
    </p>

    <p class='ocr_par' dir='ltr' id='par_1_21' title="bbox 215 1986 878 2065">
     <span class='ocr_line' id='line_1_21' title="bbox 215 1986 878 2065; baseline 0.009 -24"><span class='ocrx_word' id='word_1_121' title='bbox 215 1990 247 2042; x_wconf 93' lang='lat' dir='ltr'><strong>in</strong></span> <span class='ocrx_word' id='word_1_122' title='bbox 261 1986 340 2043; x_wconf 89' lang='lat' dir='ltr'><strong>hanc</strong></span> <span class='ocrx_word' id='word_1_123' title='bbox 354 1988 437 2044; x_wconf 88' lang='lat' dir='ltr'><strong>abire</strong></span> <span class='ocrx_word' id='word_1_124' title='bbox 452 1992 614 2065; x_wconf 85' lang='lat' dir='ltr'><strong>coniugum</strong></span> <span class='ocrx_word' id='word_1_125' title='bbox 628 1989 748 2046; x_wconf 87' lang='lat' dir='ltr'><strong>turbam</strong></span> <span class='ocrx_word' id='word_1_126' title='bbox 759 1988 878 2047; x_wconf 87' lang='lat' dir='ltr'><strong>libet-</strong></span> 
     </span>
    </p>

    <p class='ocr_par' dir='ltr' id='par_1_22' title="bbox 216 2067 923 2224">
     <span class='ocr_line' id='line_1_22' title="bbox 216 2067 900 2144; baseline 0.007 -20"><span class='ocrx_word' id='word_1_127' title='bbox 216 2067 269 2124; x_wconf 91' lang='lat' dir='ltr'><strong>sed</strong></span> <span class='ocrx_word' id='word_1_128' title='bbox 285 2076 318 2124; x_wconf 89' lang='lat' dir='ltr'><strong>et</strong></span> <span class='ocrx_word' id='word_1_129' title='bbox 331 2067 384 2124; x_wconf 88' lang='lat' dir='ltr'><strong>illa</strong></span> <span class='ocrx_word' id='word_1_130' title='bbox 398 2067 497 2144; x_wconf 87' lang='lat' dir='ltr'><strong>fugiet</strong></span> <span class='ocrx_word' id='word_1_131' title='bbox 511 2071 600 2127; x_wconf 91' lang='lat' dir='ltr'><strong>turba</strong></span> <span class='ocrx_word' id='word_1_132' title='bbox 613 2078 677 2127; x_wconf 88' lang='lat' dir='ltr'><strong>tam</strong></span> <span class='ocrx_word' id='word_1_133' title='bbox 691 2070 771 2128; x_wconf 91' lang='lat' dir='ltr'><strong>diras</strong></span> <span class='ocrx_word' id='word_1_134' title='bbox 785 2091 900 2129; x_wconf 89' lang='lat' dir='ltr'><strong>manus.</strong></span> 
     </span>
     <span class='ocr_line' id='line_1_23' title="bbox 258 2147 923 2224; baseline 0.008 -20"><span class='ocrx_word' id='word_1_135' title='bbox 258 2147 375 2205; x_wconf 89' lang='lat' dir='ltr'><strong>Invicte</strong></span> <span class='ocrx_word' id='word_1_136' title='bbox 390 2154 531 2219; x_wconf 90' lang='lat' dir='ltr'><strong>coniunx,</strong></span> <span class='ocrx_word' id='word_1_137' title='bbox 545 2155 691 2207; x_wconf 88' lang='lat' dir='ltr'><strong>innocens</strong></span> <span class='ocrx_word' id='word_1_138' title='bbox 706 2156 824 2209; x_wconf 89' lang='lat' dir='ltr'><strong>animus</strong></span> <span class='ocrx_word' id='word_1_139' title='bbox 838 2151 923 2224; x_wconf 90' lang='lat' dir='ltr'><strong>mihi,</strong></span> 
     </span>
    </p>

    <p class='ocr_par' dir='ltr' id='par_1_23' title="bbox 215 2229 989 2308">
     <span class='ocr_line' id='line_1_24' title="bbox 215 2229 989 2308; baseline 0.008 -22"><span class='ocrx_word' id='word_1_140' title='bbox 215 2229 344 2288; x_wconf 87' lang='lat' dir='ltr'><strong>scelesta</strong></span> <span class='ocrx_word' id='word_1_141' title='bbox 357 2251 464 2288; x_wconf 86' lang='lat' dir='ltr'><strong>manus</strong></span> <span class='ocrx_word' id='word_1_142' title='bbox 478 2239 533 2289; x_wconf 88' lang='lat' dir='ltr'><strong>est.</strong></span> <span class='ocrx_word' id='word_1_143' title='bbox 576 2252 631 2308; x_wconf 90' lang='lat' dir='ltr'><strong>pro</strong></span> <span class='ocrx_word' id='word_1_144' title='bbox 644 2236 734 2290; x_wconf 90' lang='lat' dir='ltr'><strong>nimis</strong></span> <span class='ocrx_word' id='word_1_145' title='bbox 747 2253 835 2290; x_wconf 90' lang='lat' dir='ltr'><strong>mens</strong></span> <span class='ocrx_word' id='word_1_146' title='bbox 849 2232 989 2292; x_wconf 89' lang='lat' dir='ltr'><strong>credula!</strong></span> 
     </span>
    </p>

    <p class='ocr_par' dir='ltr' id='par_1_24' title="bbox 215 2311 834 2389">
     <span class='ocr_line' id='line_1_25' title="bbox 215 2311 834 2389; baseline 0.006 -22"><span class='ocrx_word' id='word_1_147' title='bbox 215 2330 270 2388; x_wconf 94' lang='lat' dir='ltr'><strong>pro</strong></span> <span class='ocrx_word' id='word_1_148' title='bbox 285 2311 381 2369; x_wconf 88' lang='lat' dir='ltr'><strong>Nesse</strong></span> <span class='ocrx_word' id='word_1_149' title='bbox 396 2312 487 2369; x_wconf 84' lang='lat' dir='ltr'><strong>fallax</strong></span> <span class='ocrx_word' id='word_1_150' title='bbox 501 2320 594 2389; x_wconf 84' lang='lat' dir='ltr'><strong>atque</strong></span> <span class='ocrx_word' id='word_1_151' title='bbox 609 2313 741 2371; x_wconf 87' lang='lat' dir='ltr'><strong>semiferi</strong></span> <span class='ocrx_word' id='word_1_152' title='bbox 755 2314 834 2372; x_wconf 88' lang='lat' dir='ltr'><strong>doli!</strong></span> 
     </span>
    </p>

    <p class='ocr_par' dir='ltr' id='par_1_25' title="bbox 214 2391 805 2471">
     <span class='ocr_line' id='line_1_26' title="bbox 214 2391 805 2471; baseline 0.008 -24"><span class='ocrx_word' id='word_1_153' title='bbox 214 2391 333 2449; x_wconf 88' lang='lat' dir='ltr'><strong>auferre</strong></span> <span class='ocrx_word' id='word_1_154' title='bbox 348 2399 473 2470; x_wconf 89' lang='lat' dir='ltr'><strong>cupiens</strong></span> <span class='ocrx_word' id='word_1_155' title='bbox 487 2394 595 2470; x_wconf 90' lang='lat' dir='ltr'><strong>paelici</strong></span> <span class='ocrx_word' id='word_1_156' title='bbox 611 2399 708 2471; x_wconf 90' lang='lat' dir='ltr'><strong>eripui</strong></span> <span class='ocrx_word' id='word_1_157' title='bbox 722 2394 805 2452; x_wconf 85' lang='lat' dir='ltr'><strong>mihi.</strong></span> 
     </span>
    </p>

    <p class='ocr_par' dir='ltr' id='par_1_26' title="bbox 214 2473 880 2553">
     <span class='ocr_line' id='line_1_27' title="bbox 214 2473 880 2553; baseline 0.006 -23"><span class='ocrx_word' id='word_1_158' title='bbox 214 2473 334 2544; x_wconf 87' lang='lat' dir='ltr'><strong>recede,</strong></span> <span class='ocrx_word' id='word_1_159' title='bbox 349 2474 450 2545; x_wconf 86' lang='lat' dir='ltr'><strong>Titan,</strong></span> <span class='ocrx_word' id='word_1_160' title='bbox 464 2483 560 2552; x_wconf 85' lang='lat' dir='ltr'><strong>tuque</strong></span> <span class='ocrx_word' id='word_1_161' title='bbox 575 2496 652 2553; x_wconf 90' lang='lat' dir='ltr'><strong>quae</strong></span> <span class='ocrx_word' id='word_1_162' title='bbox 667 2476 778 2534; x_wconf 90' lang='lat' dir='ltr'><strong>blanda</strong></span> <span class='ocrx_word' id='word_1_163' title='bbox 792 2484 880 2534; x_wconf 87' lang='lat' dir='ltr'><strong>tenes</strong></span> 
     </span>
    </p>

    <p class='ocr_par' dir='ltr' id='par_1_27' title="bbox 214 2556 865 2625">
     <span class='ocr_line' id='line_1_28' title="bbox 214 2556 865 2625; baseline 0.008 -14"><span class='ocrx_word' id='word_1_164' title='bbox 214 2559 247 2611; x_wconf 93' lang='lat' dir='ltr'><strong>in</strong></span> <span class='ocrx_word' id='word_1_165' title='bbox 260 2556 329 2612; x_wconf 90' lang='lat' dir='ltr'><strong>luce</strong></span> <span class='ocrx_word' id='word_1_166' title='bbox 344 2559 467 2613; x_wconf 86' lang='lat' dir='ltr'><strong>miseros</strong></span> <span class='ocrx_word' id='word_1_167' title='bbox 481 2561 563 2625; x_wconf 82' lang='lat' dir='ltr'><strong>vita3</strong></span> <span class='ocrx_word' id='word_1_168' title='bbox 584 2563 714 2616; x_wconf 85' lang='lat' dir='ltr'><strong>caritura</strong></span> <span class='ocrx_word' id='word_1_169' title='bbox 728 2558 865 2616; x_wconf 87' lang='lat' dir='ltr'><strong>Hercule</strong></span> 
     </span>
    </p>

    <p class='ocr_par' dir='ltr' id='par_1_28' title="bbox 214 2636 1121 2716">
     <span class='ocr_line' id='line_1_29' title="bbox 214 2636 1121 2716; baseline 0.009 -24"><span class='ocrx_word' id='word_1_170' title='bbox 214 2636 266 2693; x_wconf 87' lang='lat' dir='ltr'><strong>lux</strong></span> <span class='ocrx_word' id='word_1_171' title='bbox 280 2636 347 2693; x_wconf 88' lang='lat' dir='ltr'><strong>vilis</strong></span> <span class='ocrx_word' id='word_1_172' title='bbox 361 2640 418 2694; x_wconf 86' lang='lat' dir='ltr'><strong>ista</strong></span> <span class='ocrx_word' id='word_1_173' title='bbox 433 2646 487 2695; x_wconf 83' lang='lat' dir='ltr'><strong>est.</strong></span> <span class='ocrx_word' id='word_1_174' title='bbox 531 2643 650 2714; x_wconf 83' lang='lat' dir='ltr'><strong>exigam</strong></span> <span class='ocrx_word' id='word_1_175' title='bbox 664 2660 777 2716; x_wconf 87' lang='lat' dir='ltr'><strong>poenas</strong></span> <span class='ocrx_word' id='word_1_176' title='bbox 790 2641 847 2697; x_wconf 86' lang='lat' dir='ltr'><strong>tibi</strong></span> <span class='ocrx_word' id='word_1_177' title='bbox 1059 2644 1121 2707; x_wconf 85' lang='lat'><strong>970</strong></span> 
     </span>
    </p>

    <p class='ocr_par' dir='ltr' id='par_1_29' title="bbox 214 2717 896 2795">
     <span class='ocr_line' id='line_1_30' title="bbox 214 2717 896 2795; baseline 0.006 -22"><span class='ocrx_word' id='word_1_178' title='bbox 214 2717 400 2795; x_wconf 89' lang='lat' dir='ltr'><strong>reddamque</strong></span> <span class='ocrx_word' id='word_1_179' title='bbox 414 2718 613 2777; x_wconf 87' lang='lat' dir='ltr'><strong>vitam-fata</strong></span> <span class='ocrx_word' id='word_1_180' title='bbox 625 2741 666 2776; x_wconf 90' lang='lat' dir='ltr'><strong>an</strong></span> <span class='ocrx_word' id='word_1_181' title='bbox 679 2723 814 2779; x_wconf 87' lang='lat' dir='ltr'><strong>extendo</strong></span> <span class='ocrx_word' id='word_1_182' title='bbox 827 2740 896 2778; x_wconf 90' lang='lat' dir='ltr'><strong>mea</strong></span> 
     </span>
    </p>

    <p class='ocr_par' dir='ltr' id='par_1_30' title="bbox 214 2801 948 2875">
     <span class='ocr_line' id='line_1_31' title="bbox 214 2801 948 2875; baseline 0.007 -20"><span class='ocrx_word' id='word_1_183' title='bbox 214 2807 415 2875; x_wconf 87' lang='lat' dir='ltr'><strong>mortemque,</strong></span> <span class='ocrx_word' id='word_1_184' title='bbox 429 2804 569 2871; x_wconf 87' lang='lat' dir='ltr'><strong>coniunx,</strong></span> <span class='ocrx_word' id='word_1_185' title='bbox 584 2801 623 2859; x_wconf 92' lang='lat' dir='ltr'><strong>ad</strong></span> <span class='ocrx_word' id='word_1_186' title='bbox 637 2810 705 2858; x_wconf 88' lang='lat' dir='ltr'><strong>tuas</strong></span> <span class='ocrx_word' id='word_1_187' title='bbox 720 2822 806 2860; x_wconf 86' lang='lat' dir='ltr'><strong>servo</strong></span> <span class='ocrx_word' id='word_1_188' title='bbox 820 2805 948 2861; x_wconf 81' lang='lat' dir='ltr'><strong>manus?</strong></span> 
     </span>
    </p>
   </div>
   <div class='ocr_carea' id='block_1_3' title="bbox 247 2919 1076 2991">
    <p class='ocr_par' dir='ltr' id='par_1_31' title="bbox 247 2919 1076 2991">
     <span class='ocr_line' id='line_1_32' title="bbox 247 2919 1076 2991; baseline 0.01 -22"><span class='ocrx_word' id='word_1_189' title='bbox 247 2919 257 2949; x_wconf 87' lang='lat'>¹</span> <span class='ocrx_word' id='word_1_190' title='bbox 274 2920 308 2969; x_wconf 84' lang='lat' dir='ltr'><strong>So</strong></span> <span class='ocrx_word' id='word_1_191' title='bbox 320 2920 441 2971; x_wconf 75' lang='lat' dir='ltr'><strong>Richter:</strong></span> <span class='ocrx_word' id='word_1_192' title='bbox 458 2922 510 2972; x_wconf 82' lang='lat' dir='ltr'><strong>Leo</strong></span> <span class='ocrx_word' id='word_1_193' title='bbox 523 2927 608 2982; x_wconf 86' lang='lat' dir='ltr'><strong>vacet,</strong></span> <span class='ocrx_word' id='word_1_194' title='bbox 623 2923 684 2975; x_wconf 78' lang='lat' dir='ltr'><strong>will</strong></span> <span class='ocrx_word' id='word_1_195' title='bbox 697 2947 723 2986; x_wconf 81' lang='grc' dir='ltr'><strong>ω,</strong></span> <span class='ocrx_word' id='word_1_196' title='bbox 737 2927 866 2976; x_wconf 72' lang='lat' dir='ltr'><strong>corrected</strong></span> <span class='ocrx_word' id='word_1_197' title='bbox 878 2925 910 2990; x_wconf 75' lang='lat' dir='ltr'><strong>by</strong></span> <span class='ocrx_word' id='word_1_198' title='bbox 921 2926 1076 2991; x_wconf 60' lang='lat' dir='ltr'><strong>Raptam.</strong></span> 
     </span>
    </p>
   </div>
   <div class='ocr_carea' id='block_1_4' title="bbox 441 3083 903 3267">
    <p class='ocr_par' dir='ltr' id='par_1_32' title="bbox 441 3083 903 3267">
     <span class='ocr_line' id='line_1_33' title="bbox 443 3083 897 3149; baseline 0.011 -16"><span class='ocrx_word' id='word_1_199' title='bbox 443 3083 451 3113; x_wconf 85' lang='lat'>¹</span> <span class='ocrx_word' id='word_1_200' title='bbox 469 3085 524 3134; x_wconf 84' lang='lat' dir='ltr'><strong>The</strong></span> <span class='ocrx_word' id='word_1_201' title='bbox 536 3085 708 3149; x_wconf 86' lang='lat' dir='ltr'><strong>punishment</strong></span> <span class='ocrx_word' id='word_1_202' title='bbox 720 3086 748 3135; x_wconf 86' lang='lat' dir='ltr'><strong>oi</strong></span> <span class='ocrx_word' id='word_1_203' title='bbox 759 3087 897 3138; x_wconf 85' lang='lat' dir='ltr'><strong>Tantalus.</strong></span> 
     </span>
     <span class='ocr_line' id='line_1_34' title="bbox 441 3147 903 3216; baseline 0.015 -19"><span class='ocrx_word' id='word_1_204' title='bbox 441 3147 453 3178; x_wconf 80' lang='lat'><strong>²</strong></span> <span class='ocrx_word' id='word_1_205' title='bbox 469 3150 553 3199; x_wconf 84' lang='lat' dir='ltr'><strong>Ixion.</strong></span> <span class='ocrx_word' id='word_1_206' title='bbox 656 3150 666 3180; x_wconf 77' lang='lat'><strong>³</strong></span> <span class='ocrx_word' id='word_1_207' title='bbox 683 3152 903 3216; x_wconf 80' lang='lat' dir='ltr'><strong>Hypermnastra.</strong></span> 
     </span>
     <span class='ocr_line' id='line_1_35' title="bbox 441 3213 791 3267; baseline 0.011 -5"><span class='ocrx_word' id='word_1_208' title='bbox 441 3213 452 3243; x_wconf 90' lang='lat'><strong>⁴</strong></span> <span class='ocrx_word' id='word_1_209' title='bbox 469 3214 571 3264; x_wconf 85' lang='lat' dir='ltr'><strong>Medea.</strong></span> <span class='ocrx_word' id='word_1_210' title='bbox 657 3216 667 3246; x_wconf 80' lang='lat'><strong>⁶</strong></span> <span class='ocrx_word' id='word_1_211' title='bbox 683 3217 791 3267; x_wconf 85' lang='lat' dir='ltr'><strong>Procne.</strong></span> 
     </span>
    </p>
   </div>
   <div class='ocr_carea' id='block_1_5' title="bbox 215 3293 274 3353">
    <p class='ocr_par' dir='ltr' id='par_1_33' title="bbox 215 3293 274 3353">
     <span class='ocr_line' id='line_1_36' title="bbox 215 3293 274 3353; baseline -0.017 -1"><span class='ocrx_word' id='word_1_212' title='bbox 215 3293 274 3353; x_wconf 72' lang='lat'><strong>264</strong></span> 
     </span>
    </p>
   </div>
   <div class='ocr_carea' id='block_1_6' title="bbox 0 0 1270 3846">
    <p class='ocr_par' dir='ltr' id='par_1_34' title="bbox 0 0 1270 3846">
     <span class='ocr_line' id='line_1_37' title="bbox 0 0 1270 3846; baseline 0 1"><span class='ocrx_word' id='word_1_213' title='bbox 0 0 1270 3846; x_wconf 95' lang='lat' dir='ltr'><strong> </strong></span> 
     </span>
    </p>
   </div>
  </div>
 </body>
</html>
