2544 3840
378 294 467 353 THE
494 294 734 353 TRAGEDIES
762 295 817 353 OF
845 290 1006 354 SENECA

237 430 298 469 non
312 411 364 469 ille
379 431 470 481 seros,
486 430 556 467 cum
569 409 671 467 ferens
685 410 776 467 Titan
790 409 894 467 diem1

235 493 347 551 lassum
359 494 482 550 rubenti
495 495 607 567 mergit
622 491 746 549 Oceano
760 491 888 567 iugum2
1009 534 1011 539 .

236 574 298 631 illic
312 578 419 631 amoris
433 577 543 650 pignus
560 572 706 630 Herculei
720 572 805 630 latet.
1082 577 1141 638 490

135 670 139 676 ·
236 655 336 726 altrix,
351 654 488 712 fatebor:
510 662 614 712 auctor
629 662 677 711 est
691 654 805 711 Nessus
818 654 890 710 mali

237 755 328 814 quem
343 735 466 811 gravida
480 734 621 811 Nephele
636 735 780 793 Thessalo
794 739 903 813 genuit
917 734 997 804 duci,

238 837 297 895 qua
311 815 429 873 celsus³
443 820 531 874 astris
545 820 652 873 inserit
668 816 781 874 Pindus
796 824 887 893 caput

237 897 377 975 ultraque
392 899 488 955 nubes
504 897 619 975 Othrys
634 897 763 956 eductus
778 902 865 974 riget.

237 999 369 1057 namque
382 986 418 1037 ut
432 980 573 1037 subactus
590 979 732 1037 Herculis
746 979 830 1035 clava
844 978 956 1037 horridi

238 1058 391 1118 Achelous
406 1080 511 1118 omnes
524 1060 620 1117 facilis
635 1064 667 1118 in
682 1065 798 1137 species
813 1060 878 1117 dari

237 1142 362 1199 tandem
377 1146 506 1218 peractis
521 1143 659 1199 omnibus
674 1146 774 1218 patuit
787 1141 859 1199 feris

237 1243 360 1301 unoque
374 1230 464 1299 turpe
479 1223 614 1281 subdidit
628 1243 721 1280 comu
736 1231 838 1300 caput,

237 1325 287 1362 me
302 1308 463 1381 coniugem
477 1304 549 1361 dum
564 1308 660 1362 victor
674 1304 798 1362 Alcides
813 1305 916 1375 habet,

238 1387 398 1463 repetebat
412 1385 519 1462 Argos.

523 1466 613 1523 Forte
627 1486 682 1543 per
696 1486 816 1544 campos
830 1488 923 1545 vagus
1083 1480 1142 1531 500

239 1547 360 1605 Euenos
374 1547 471 1606 altum
481 1552 635 1624 gurgitem
648 1552 680 1604 in
695 1556 823 1625 pontum
837 1548 939 1608 ferens

238 1632 298 1685 iam
312 1648 410 1705 paene
425 1632 548 1686 summis
562 1629 701 1687 turbidus
715 1629 796 1688 silvis
811 1639 885 1689 erat.

238 1714 366 1767 transire
382 1710 495 1768 Nessus
509 1714 654 1767 verticem
668 1711 774 1769 solitus
788 1712 871 1769 vadis

238 1796 371 1868 pretium
385 1794 529 1868 poposcit.
572 1811 683 1869 meque
697 1797 756 1849 iam
770 1793 858 1850 dorso
877 1792 979 1853 ferens

238 1893 297 1951 qua
311 1878 411 1950 iungit
425 1872 579 1931 hominem
593 1877 679 1950 spina
693 1873 836 1931 deficiens
850 1894 938 1952 equo,

237 1954 398 2032 frangebat
412 1959 491 2032 ipsas
504 1955 635 2012 fluminis
649 1954 759 2012 tumidi
772 1960 877 2014 minas

237 2039 297 2094 iam
311 2044 394 2095 totus
408 2036 498 2095 undis
513 2036 627 2094 Nessus
642 2040 757 2094 exierat
771 2036 856 2095 ferox

237 2117 400 2196 medioque
414 2117 513 2175 adhue
528 2119 647 2175 errabat
661 2118 784 2175 Alcides
798 2118 884 2190 vado,

237 2206 322 2256 vasto
336 2217 476 2275 rapacem
489 2202 635 2256 verticem
649 2199 790 2257 scindens
803 2200 909 2277 gradu,

238 2288 270 2338 at
285 2279 337 2337 ille
352 2288 388 2337 ut
402 2299 468 2338 esse
482 2279 559 2337 vidit
574 2279 705 2338 Alciden
719 2281 823 2358 procul
837 2302 843 2338 :
1082 2290 1142 2342 510

239 2367 303 2419 “tu
318 2360 430 2438 praeda
444 2362 531 2418 nobis
541 2361 557 2380 '’
580 2365 679 2439 inquit
701 2368 763 2421 “et
778 2368 908 2422 coniunx
924 2370 1000 2434 eris;

238 2442 416 2519 prohibetur
429 2442 547 2513 undis‚'’
563 2462 673 2520 meque
688 2444 862 2520 complexus
877 2445 979 2505 ferens

238 2543 375 2600 gressum
389 2524 511 2582 citabat.

515 2605 584 2663 Non
598 2614 710 2664 tenent
723 2607 822 2666 undae
839 2609 1026 2668 Herculem:

238 2684 359 2743 “infide
374 2694 477 2744 vector
486 2686 501 2712 ”
517 2690 618 2764 inquit
633 2692 792 2745 “immixti
806 2689 879 2749 licet

238 2765 361 2843 Ganges
377 2776 409 2826 et
425 2769 534 2826 Hister
548 2768 675 2826 vallibus
689 2773 800 2827 iunctis
814 2780 896 2843 eant,

270 2913 279 2944 ¹
296 2913 350 2964 Leo
360 2914 445 2965 thinks
455 2915 524 2966 there
535 2915 558 2965 ir
568 2933 586 2966 a
597 2918 693 2967 lacerna
703 2917 773 2981 oster
789 2917 840 2968 line
851 2923 901 2980 488
911 2920 1027 2984 undfills
1038 2920 1059 2970 ir
1070 2922 1129 2972 thos
1136 2932 1145 2972 ἐ

237 2995 304 3028 exur
323 2979 443 3041 tundis,
457 2996 568 3046 cumque
580 2999 731 3046 germanam
742 3000 845 3035 vocans.

270 3042 281 3074 2
343 3044 463 3095 Richter:
480 3046 551 3096 diem
563 3048 615 3098 Leo
627 3048 687 3097 with
699 3049 729 3100 Ε.

253 3109 330 3186 'iso
352 3110 395 3159 A:
418 3111 555 3175 ttrepidus
576 3112 638 3174 Leo,
660 3114 720 3164 wiri
743 3114 776 3176 E,
795 3115 968 3181 conjecturum
989 3117 1142 3169 aetherius:

237 3175 339 3239 rigidus
353 3175 382 3227 O.
396 3175 531 3229 Rossbach

239 3257 297 3316 226
