2556 3844
357 278 446 336 THE
473 277 714 338 TRAGEDIES
741 278 796 336 OF
823 277 986 336 SENECA

215 394 315 470 palam
329 395 457 451 timere!
499 398 567 471 quis
580 394 638 450 tibi
651 399 684 450 in
696 394 812 451 medias
826 393 927 450 locum

216 482 291 540 fecit
303 483 476 540 medullas?
517 501 590 540 ecce
604 483 725 560 direpta
738 491 809 541 cute

216 576 330 631 viscera
343 593 450 630 manus
465 573 603 642 detexit3
624 573 751 632 ulterior
764 581 869 631 tamen

216 667 341 720 inventa
354 662 472 720 latebra
486 670 593 720 est-o
607 664 721 720 malum
735 663 832 720 simile
850 661 978 720 Herculi
993 663 999 718 !

259 752 350 810 Unde
365 756 423 809 iste
437 752 549 810 fletus?
591 752 673 811 unde
688 758 720 809 in
734 753 788 810 has
801 753 942 810 lacrimae
956 754 1075 829 genas?

217 845 347 899 invictus
361 841 434 899 olim
447 841 547 899 voltus
561 850 595 900 et
608 863 774 921 numquam
786 842 873 900 malis

216 930 354 988 lacrimas
368 936 428 989 suis
443 933 589 1009 praebere
603 941 766 991 consuetus
780 932 904 1011 (pudet)

217 1024 277 1078 iam
291 1020 363 1079 flere
377 1021 493 1080 didicit
535 1026 602 1099 quis
617 1022 682 1080 dies
695 1023 802 1080 fletum
816 1021 969 1092 Herculis,

218 1131 295 1189 quae
306 1120 388 1170 terra
402 1112 500 1170 vidit?
541 1116 637 1170 siccus
651 1132 810 1170 aerumnas
827 1113 891 1170 tuli.

217 1202 275 1260 tibi
289 1201 340 1259 illa
354 1207 459 1273 virtus,
474 1222 553 1280 quae
567 1210 615 1261 tot
629 1203 710 1261 elisit
723 1202 812 1274 mala,
1047 1204 1125 1261 1270

217 1292 275 1350 tibi
289 1297 380 1352 cessit
393 1298 467 1362 uni;
488 1297 584 1370 prima
598 1301 631 1352 et
644 1301 717 1351 ante
731 1312 837 1351 omnes
850 1292 926 1349 mihi

219 1381 325 1439 fletum
338 1382 508 1451 abstulisti3
529 1384 632 1441 durior
645 1403 716 1441 saxo
730 1382 853 1439 horrido

220 1479 252 1529 et
267 1471 395 1548 chalybe
410 1472 509 1530 voltus
524 1480 556 1530 et
570 1493 646 1549 vaga
660 1472 866 1549 Symplegade

219 1564 314 1619 rictus
327 1581 411 1618 meos
425 1561 551 1638 infregit
565 1569 598 1619 et
611 1562 785 1620 lacrimam1
801 1563 942 1640 expulit.2

220 1649 346 1708 flentem
360 1659 547 1728 gementem,
562 1671 679 1709 summe
693 1672 748 1729 pro
762 1662 862 1711 rector
876 1654 948 1731 poli,

221 1760 271 1798 me
285 1749 366 1799 terra
380 1742 466 1814 vidit,
481 1742 623 1820 quodque
638 1763 688 1800 me
702 1750 827 1821 torquet
839 1748 946 1820 magis,

221 1851 351 1889 noverca
364 1833 448 1890 vidit
492 1836 553 1891 urit
567 1853 639 1892 ecce
653 1837 766 1891 iterum
784 1834 882 1904 fibras,
942 1826 945 1829 ⁵

221 1921 348 1981 incaluit
361 1923 573 1982 ardor-unde
587 1944 669 1981 nunc
683 1923 801 1981 fulmen
815 1922 913 1980 mihi?

619 2098 732 2135 CHORVS

425 2174 509 2247 Quid
523 2194 585 2232 non
599 2180 694 2252 possit
708 2195 850 2252 superare
865 2177 971 2236 dolor?

385 2265 538 2342 quondam
553 2265 662 2325 Getico
676 2266 779 2323 durior
793 2267 914 2325 Haemo
1050 2272 1127 2323 1280

384 2375 442 2413 nec
458 2355 613 2413 Parrhasio
626 2356 725 2414 lenior
737 2376 794 2414 axe

385 2465 474 2503 saevo
488 2449 579 2503 cessit
589 2446 726 2504 membra
740 2445 836 2504 dolori

385 2536 560 2615 fessumque
574 2556 699 2594 movens
714 2556 769 2613 per
784 2537 860 2594 colla
875 2545 966 2613 caput

386 2624 465 2684 latus
479 2627 598 2684 alterno
612 2626 748 2703 pondere
761 2626 869 2698 flectit,

386 2715 492 2773 fletum
507 2721 601 2774 virtus
616 2736 706 2793 saepe
723 2717 868 2774 resorbet.

386 2809 428 2861 sic
441 2813 557 2863 arctoas
571 2804 672 2863 laxare
687 2810 772 2864 nives

386 2898 521 2971 quamvis
535 2895 642 2972 tepido
656 2896 755 2953 sidere
770 2896 861 2954 Titan

386 3003 448 3040 non
461 2991 565 3044 tamen
579 2985 674 3044 audet
687 2989 843 3065 vincitque
857 2985 938 3043 faces

386 3073 456 3132 solis
470 3075 572 3134 adusti
585 3075 713 3153 glaciale
726 3077 820 3134 iubar.

453 3179 462 3211 ¹
479 3180 601 3231 lacrimas
613 3181 644 3232 u.
746 3180 757 3214 2
774 3182 873 3232 extulit
884 3182 920 3233 A.

226 3243 284 3304 286
