2556 3844
366 293 456 352 THE
483 295 725 356 TRAGEDIFS
753 298 808 358 OF
835 298 998 357 SENECA

228 427 309 466 mors
322 416 426 468 nostra
439 409 540 470 faciet.
582 420 747 490 antequam
761 414 891 490 spolium
904 415 970 472 tui¹

229 491 347 548 caelum
360 511 451 550 omne
465 492 528 564 fiat,
542 493 641 551 conde
655 514 705 551 me
719 503 796 566 tota,
809 504 907 571 pater,

228 571 335 630 mundi
349 577 445 645 ruina,
459 574 566 652 frange
580 595 672 652 quem
685 576 788 653 perdis
801 577 913 653 polum.

623 745 737 783 cuonvs

433 818 503 875 Non
516 839 593 876 vana
606 824 706 891 times,
720 828 793 877 nate
806 820 962 877 Tonantis

392 918 473 956 nunc
487 899 691 958 Thessalicam
706 901 812 959 Pelion
826 901 935 959 Ossam

391 989 511 1056 premet
525 990 558 1040 et
574 982 670 1039 Pindo
684 991 847 1060 congestus
863 982 961 1041 Athos

393 1082 499 1120 nemus
512 1063 657 1122 aetheriis
670 1069 785 1122 inseret
798 1068 904 1132 astris3

393 1147 495 1201 vincet
509 1145 647 1221 scopulos
661 1146 733 1202 inde
748 1145 911 1223 Typhoeus

392 1232 425 1282 et
438 1223 627 1301 Tyrrhenam
640 1226 721 1285 feret
736 1227 907 1295 Inarimen;

391 1305 472 1364 feret
486 1307 640 1365 Aetnaeos
653 1308 726 1366 inde
741 1313 874 1366 caminos

390 1387 570 1466 scindetque
584 1389 664 1448 latus
677 1394 790 1447 montis
803 1394 902 1466 aperti

392 1468 527 1526 nondum
542 1469 714 1528 Enceladus
729 1470 856 1528 fulmine
872 1476 976 1528 victus.

392 1552 451 1604 iam
465 1557 498 1608 te
513 1551 587 1607 caeli
602 1571 698 1627 regna
711 1552 879 1610 secuntur.²

610 1718 758 1758 Huncvuss

270 1789 337 1867 Ego
351 1794 404 1867 qui
417 1790 524 1850 relicta
537 1802 645 1865 morte,
660 1802 837 1871 contempta
852 1793 947 1871 Styge

229 1872 399 1947 permedia
414 1871 529 1932 Lethes
543 1883 651 1952 stagna
665 1895 734 1933 cum
748 1875 844 1953 spoho
858 1875 924 1933 redi

230 1972 290 2029 quo
304 1973 402 2029 paene
416 1955 507 2031 lapsis
521 1957 635 2016 excidit
649 1957 740 2014 Titan
755 1962 850 2035 equis,

231 2053 289 2110 ego
303 2053 394 2111 quem
409 2036 536 2094 deorum
549 2058 644 2114 regna
658 2047 821 2097 senserunt
835 2044 903 2110 tria,

231 2118 358 2183 morior;
379 2136 437 2174 nec
451 2118 530 2175 ullus
544 2138 599 2195 per
613 2138 715 2177 meum
730 2121 839 2178 stridet
853 2121 933 2178 latus

231 2200 423 2254 transmissus
437 2202 527 2269 ensis,
542 2198 617 2257 haut
630 2219 717 2256 meae
731 2200 828 2257 telum
843 2206 926 2260 necis
940 2202 952 2240 ³

232 2283 280 2333 est
293 2285 377 2335 totus
393 2277 517 2357 Othrys,
533 2300 595 2336 non
609 2285 688 2338 truci
702 2285 780 2339 rictu
795 2285 902 2359 gigans
1058 2280 1134 2341 1168

233 2356 329 2415 Pindo
343 2359 471 2418 cadaver
485 2363 586 2420 obruit
599 2369 666 2420 toto
679 2382 798 2420 meum:

232 2442 297 2497 sine
312 2439 400 2499 hoste
414 2445 527 2515 vincor,
542 2444 684 2521 quodque
698 2465 748 2502 me
763 2453 887 2522 torquet
900 2450 996 2522 magis
1059 2448 1136 2506 1170

232 2520 263 2598 (o
277 2525 385 2580 misera
399 2527 493 2582 virtus
506 2525 528 2604 ἔ)
541 2545 675 2583 summus
690 2526 816 2584 Alcidae
827 2526 893 2585 dies

232 2601 349 2660 nullum
364 2604 477 2662 malum
491 2610 677 2682 prosternit3
698 2608 842 2684 inpendo,
857 2612 885 2665 ei
901 2606 984 2678 mihi,

232 2686 263 2739 in
278 2684 362 2742 nulla
378 2689 470 2743 vitam
485 2686 572 2745 facta.

578 2769 634 2826 Pro
648 2768 755 2827 mundi
768 2771 881 2829 arbiter

233 2851 394 2924 superique
409 2850 561 2925 quondam
575 2851 721 2908 dexterae
734 2858 831 2908 testes
844 2871 942 2923 meae,

234 2945 288 3001 pro
303 2937 413 2986 cuncta
426 2929 527 3002 tellus,
544 2931 711 2989 Herculem
726 2940 860 2990 vestrum
874 2932 975 3010 placet

265 3037 274 3069 ¹
291 3039 340 3090 tibi
354 3041 385 3093 u.
486 3042 496 3074 ²
512 3046 587 3110 signa
598 3050 743 3110 sequentur
754 3047 788 3096 A.

231 3168 239 3216 l
259 3103 277 3217 ι’
294 3105 347 3156 Leo
358 3108 448 3158 deletes
459 3109 510 3159 liae
522 3113 594 3172 1167,
609 3126 700 3160 saxum
713 3116 754 3161 est
765 3127 813 3160 neo
824 3112 910 3161 instar
921 3113 1018 3162 montis
1029 3112 1138 3177 abrupti

241 3184 257 3217 a
272 3185 310 3219 us.

231 3255 289 3313 278
