2556 3844
380 308 469 366 THE
496 308 736 367 TRAGEDIES
764 307 819 366 OF
846 306 1008 366 SENECA

618 460 764 498 HEHCVLES

518 534 685 592 Herculem
700 542 818 611 spectas
833 535 966 612 quidem,

239 624 347 686 mater,
362 617 416 674 sed
432 618 567 674 umbram
583 624 615 673 et
630 616 688 673 vile
703 619 805 673 nescio
819 616 892 693 quid
910 620 978 673 mei,

239 717 379 775 agnosce,
393 706 583 756 mater-cra
597 698 671 776 quid
685 697 781 755 flectis
795 706 876 755 retro

239 778 415 857 voltumque
429 782 562 856 mergis?
605 777 773 837 Herculem
787 779 848 836 dici
862 787 948 836 tuum

238 869 359 937 partum
374 862 547 919 erubescis?

623 959 762 999 ALcMENA

543 1036 619 1109 Quis
633 1036 729 1094 feram
743 1036 874 1093 mundus
888 1054 1007 1106 novam,

239 1136 316 1194 quae
331 1125 412 1175 terra
426 1120 555 1195 genuit?
597 1119 715 1197 quodve
730 1126 793 1175 tam
808 1117 907 1174 dirum
921 1116 1006 1173 nefas
1065 1123 1142 1174 1350

238 1199 278 1257 de
293 1208 325 1257 te
339 1199 551 1277 triumphant?
593 1204 689 1257 victor
704 1198 875 1256 Herculeus
890 1202 956 1275 quis
971 1200 1039 1256 est?

617 1378 763 1417 unncvms

279 1451 402 1528 Nuptae
417 1456 567 1510 iacentem
583 1457 681 1510 cernis
696 1446 826 1510 Alciden
841 1452 925 1510 dolis.

623 1626 760 1665 rucuma

250 1708 252 1711 '
278 1701 353 1774 Quis
367 1708 472 1759 tantus
487 1705 600 1779 estqui
615 1706 715 1759 vincat
731 1701 861 1760 Alciden
875 1703 985 1761 dolus?

615 1878 762 1918 uuncvms

277 1952 481 2031 Quicumque,
495 1962 602 2026 mater,
617 1954 750 2012 feminae
765 1959 859 2012 iratae
873 1962 920 2012 sat
935 1963 990 2013 est.

620 2129 757 2168 Ancunrm

276 2201 318 2260 Et
332 2202 414 2260 unde
429 2206 461 2259 in
476 2211 559 2261 artus
573 2208 668 2279 pestis
681 2212 734 2261 aut
748 2224 815 2262 ossa
829 2205 958 2264 incidit?

616 2381 764 2420 flnncvnus

278 2456 406 2514 Aditum
421 2460 547 2513 venenis
562 2455 642 2533 palla
655 2456 795 2515 femineis
809 2457 904 2515 dedit.

620 2633 757 2672 arcuum

277 2705 407 2763 Vbinam
422 2711 480 2764 ista
494 2707 575 2784 palla
591 2712 659 2767 est?
700 2710 836 2768 membra
850 2710 964 2767 nudata
978 2713 1087 2768 intuor.

614 2878 760 2917 arnovius

275 2946 461 3026 Consumpta
475 2971 595 3009 mecum
610 2961 664 3011 est.

619 3121 756 3159 ALCMENA

661 3196 799 3254 Tantane
813 3202 938 3255 inventa
952 3205 1000 3255 est
1010 3197 1099 3255 lues?
