2432 3838
352 286 442 343 THE
469 281 709 341 TRAGEDIES
738 280 793 339 OF
821 281 982 341 SENECA

254 403 334 460 Ecce
347 402 406 458 alia
420 399 539 458 clades!
582 398 711 457 fulmine
725 402 794 456 irati
811 398 890 455 lovis

213 491 327 541 armata
343 483 441 539 Pallas
455 481 603 559 quidquid
616 480 714 537 hautl
736 478 823 537 hasta
836 483 950 548 minax,

213 565 307 623 hautl
322 564 432 640 aegide
446 562 542 620 haut²
556 562 658 619 furore
673 560 836 637 Gorgoneo
849 567 961 636 potest,
1059 567 1123 618 530

213 646 266 705 at³
280 651 352 723 igne
367 648 465 721 patrio
479 651 622 720 temptat,
632 650 665 700 et
679 642 763 699 caelo
777 661 873 699 novae

213 732 329 804 spirant
343 725 501 803 procellae.
545 724 625 782 solus
639 728 770 781 invictus
788 721 875 780 malis

213 809 347 867 luctatur
361 807 445 865 Aiax.
489 806 556 864 vela
570 813 732 882 cogentem
746 804 828 862 hunc
842 824 895 862 sua

213 897 303 948 tento
316 889 447 947 rudente
461 888 580 945 flamma
593 889 770 964 perstrinxit
784 885 904 944 cadens.

214 971 342 1028 libratur
354 970 437 1028 aliud
450 970 566 1028 fulmen
580 988 587 1036 3
610 967 668 1025 hoc
682 976 749 1026 toto
762 971 880 1043 impetu

214 1060 333 1110 certum
346 1052 472 1110 reducta
488 1050 584 1107 Pallas
598 1054 730 1107 excussit
743 1069 844 1119 manu,

214 1138 333 1191 imitata
346 1142 472 1211 patrem.
495 1203 498 1209 .
515 1136 625 1189 transit
639 1132 764 1188 Aiacem
779 1139 812 1188 et
826 1137 923 1187 ratem

216 1220 349 1293 ratisque
363 1223 482 1292 partem
497 1232 600 1271 secum
615 1220 648 1271 et
661 1212 787 1269 Aiacem
801 1210 882 1269 tulit.

214 1298 258 1355 nil
272 1297 324 1354 ille
337 1305 449 1368 motus,
461 1295 556 1354 ardua
570 1302 605 1352 ut
618 1301 732 1364 cautes,
746 1293 809 1350 salo

214 1379 370 1436 ambustus
385 1385 480 1447 extat,
494 1376 610 1433 dirimit
623 1380 762 1432 insanum
772 1393 855 1431 mare
1060 1381 1123 1432 540

215 1459 384 1536 fluctusque
399 1463 514 1535 rumpit
527 1465 651 1533 pectore
666 1464 699 1514 et
713 1475 821 1513 navem
835 1475 926 1513 manu

215 1540 390 1616 complexus
403 1544 491 1616 ignes
504 1542 598 1596 traxit
611 1546 645 1596 et
658 1556 748 1595 caeco
760 1541 835 1594 mari

216 1622 359 1679 conlucet
372 1621 459 1691 Aiax,
474 1640 564 1678 omne
578 1619 756 1695 resplendet
770 1618 892 1676 fretum.

217 1703 342 1760 tandem
356 1710 503 1779 occupata
518 1721 592 1778 rupe
606 1700 803 1758 furibundum
817 1704 956 1758 intonat:

217 1790 403 1860 “superasse
417 1784 550 1852 cuncta‚⁴
563 1782 689 1859 pelagus
703 1789 796 1859 atque
812 1785 900 1858 ignes
914 1784 1008 1851 iuvat,

217 1870 323 1924 vicisse
338 1866 456 1923 caelum
471 1863 626 1922 Palladem
640 1863 758 1920 fulmen
772 1883 863 1921 mare.

216 1968 279 2005 non
292 1968 343 2006 me
357 1947 474 2024 fugavit
488 1945 589 2004 bellici
602 1954 700 2003 terror
713 1944 774 2015 dei,

217 2037 250 2087 et
265 2029 433 2087 Hectorem
447 2049 508 2086 una
522 2027 602 2085 solus
617 2036 650 2085 et
665 2027 797 2084 Martem
810 2025 869 2084 tuli
880 2026 908 2093 ;5

170 2146 175 2155 .
219 2110 360 2168 Phoebea
373 2130 430 2168 nec
443 2130 493 2167 me
507 2109 570 2167 tela
584 2108 770 2185 pepulerunt
783 2107 887 2185 gradu.

217 2211 286 2249 cum
301 2190 470 2269 Phrygibus
484 2195 557 2248 istos
571 2194 811 2247 vicimus—tene
826 2190 986 2246 horream?
1060 2193 1126 2246 550

217 2272 317 2330 aliena
330 2276 421 2331 inerti
435 2273 498 2331 tela
512 2276 609 2329 mittis
623 2271 759 2329 dextera.

218 2354 301 2431 quid,
316 2358 341 2412 si
354 2358 419 2431 ipse
432 2358 537 2412 mittat
550 2353 608 2396 -'’
622 2353 634 2391 θ
648 2354 734 2430 plura
748 2372 817 2411 cum
827 2351 955 2409 auderet
966 2350 1080 2422 furens,

251 2509 260 2541 ¹
277 2510 311 2561 So
321 2511 362 2561 M.
372 2511 484 2560 Mueller
494 2510 628 2573 emerrdiup
637 2532 663 2569 ω,
671 2510 794 2573 followed
806 2508 838 2571 by
847 2507 969 2559 Richter:
981 2506 1034 2557 Leo
1044 2512 1103 2557 aut.

249 2574 261 2605 ²
276 2580 305 2626 et
316 2598 342 2637 ω,
355 2577 477 2625 emended
488 2576 520 2639 by
531 2576 570 2625 Μ.
585 2577 714 2625 Mueller:
732 2575 783 2624 Leo
795 2579 831 2623 et.

250 2641 261 2671 ³
277 2646 325 2692 aut
336 2663 362 2701 a,
377 2642 498 2691 emended
509 2641 541 2704 by
552 2641 592 2690 M.
607 2641 736 2690 Mueller:
754 2639 807 2688 Leo
818 2643 873 2688 aut.

251 2705 261 2736 ⁴
277 2706 311 2756 So
323 2706 444 2756 Richter:
459 2722 530 2755 nunc
542 2707 582 2755 E:
599 2722 669 2755 nunc
681 2722 708 2755 sa
720 2705 744 2754 A
756 2721 765 2754 .·
781 2705 860 2764 iuvit,
875 2703 927 2752 Leo
938 2702 1002 2766 conj.

251 2769 262 2803 ⁶
281 2772 344 2822 rtis
355 2772 407 2822 line
418 2772 440 2821 ia
449 2772 574 2835 properly
588 2772 684 2821 deleled
702 2772 734 2834 by
751 2770 812 2829 Leo,
831 2786 861 2819 aa
877 2768 1021 2832 applicable
1038 2775 1064 2818 lo
1081 2767 1130 2820 tlte

218 2845 321 2900 preater
331 2837 407 2901 Ajaa
418 2839 473 2887 arrd
484 2844 527 2886 ool
538 2844 563 2886 lo
574 2837 615 2886 the
625 2843 726 2899 present
738 2835 851 2898 speaker.
883 2833 1041 2895 Faruubiua,
1055 2833 1129 2884 how-

219 2919 283 2964 ever,
305 2903 392 2981 allowa
410 2903 450 2952 lle
468 2902 519 2977 liae
539 2910 564 2952 lo
582 2903 668 2962 elaad,
688 2918 718 2951 aa
736 2900 848 2964 besllliep
864 2900 904 2950 the
921 2899 1041 2963 boaalfid,
1059 2900 1131 2953 wlld

218 2968 432 3084 wzrddllfedr'ldda
440 2967 583 3097 perpederzuid
591 3033 614 3082 ai
622 3033 679 3108 ipsa
689 3032 801 3107 mittat?
812 3048 830 3080 a
837 3031 1004 3093 meanioyleaa
1012 3030 1125 3093 phrase.

218 3099 236 3149 I
250 3099 314 3149 dave
326 3099 441 3161 cldrped
452 3097 492 3147 lle
501 3105 671 3161 punctuatur
681 3114 712 3146 aa
723 3096 855 3147 rediedled
866 3098 951 3156 above,
967 3095 1069 3158 leavirrp
1080 3095 1129 3147 lhe

218 3172 331 3215 aexterae
342 3162 494 3228 unfioislled.

220 3254 259 3313 46
