2544 3862
355 251 443 308 THE
471 249 711 308 TRAGEDIES
739 249 793 307 OF
821 248 983 307 SENECA

601 407 725 446 ocrnvln

416 491 486 547 Non
500 497 571 547 vota
584 507 668 546 meos
681 497 735 545 tua
749 508 830 546 nunc
846 508 941 561 casuS,

376 572 430 630 sed
445 571 508 628 fata
523 578 643 646 regunt.

609 719 720 759 NVTRIX

418 802 513 859 Dabit
526 801 652 858 afflictae
666 800 792 858 meliora
805 800 881 858 deus

376 892 514 959 tempora
528 886 610 940 mitis
622 901 630 950 ;
650 889 684 939 tu
699 881 789 938 modo
803 881 915 939 blando

376 969 463 1023 vince
478 965 622 1041 obsequio
635 963 754 1041 placata
768 967 873 1021 virum.

602 1114 727 1153 OCTAVIA

416 1195 543 1252 Vincam
557 1213 661 1252 saevos
674 1202 747 1252 ante
762 1193 866 1251 leones
921 1199 923 1203 ’

375 1282 530 1354 tigresque
544 1285 655 1346 truces,
669 1275 734 1332 fera
747 1296 837 1353 quani
852 1279 932 1332 saevi

375 1358 465 1416 corda
479 1361 610 1436 tyranni.

376 1439 443 1497 odit
457 1443 577 1514 genitos
592 1443 739 1514 sanguine
754 1438 844 1508 claro,

375 1524 492 1596 spernit
505 1539 629 1595 superos
644 1519 842 1598 hominesque
856 1518 955 1589 simul,
1078 1526 1118 1584 90

378 1620 435 1658 nec
449 1599 602 1659 fortunam
616 1605 699 1678 capit
711 1605 776 1677 ipse
790 1620 874 1658 suam

377 1702 467 1759 quam
481 1682 569 1741 dedit
582 1681 626 1739 illi
640 1702 695 1758 per
708 1682 807 1740 scelus
820 1686 929 1758 ingens

377 1763 501 1821 infanda
514 1783 632 1840 parens
674 1763 748 1822 licet
762 1768 915 1840 ingratum

376 1845 459 1903 dirae
472 1846 588 1921 pudeat
601 1865 729 1902 munere
742 1849 847 1903 matris

376 1927 434 1984 hoc
447 1931 608 2003 imperium
622 1930 748 2003 cepisse,
761 1926 835 1984 licet

375 2015 496 2066 tantum
512 2028 621 2066 munus
635 2015 733 2064 morte
747 2006 908 2083 rependat,

377 2089 456 2146 feret
470 2089 552 2148 hunc
566 2088 691 2147 titulum
705 2096 775 2166 post
788 2087 851 2146 fata
864 2096 968 2146 tamen

376 2170 490 2227 femina
503 2170 595 2247 longo
610 2188 730 2246 semper
744 2174 776 2226 in
789 2189 872 2227 aevn.

608 2320 719 2361 NVTRIX

417 2402 519 2459 Animi
536 2405 634 2459 retine
648 2402 740 2458 verba
754 2400 893 2471 furentia

376 2491 493 2540 temere
508 2487 647 2540 emissam
661 2486 825 2561 comprime
840 2501 953 2539 vocem.

601 2634 725 2673 ocTAvm

256 2713 426 2771 Toleranda
447 2717 582 2790 quamvis
602 2717 708 2790 patiar,
724 2712 804 2771 haud
823 2732 967 2789 umquam
984 2731 1057 2789 que-

296 2802 351 2851 ant
1062 2799 1118 2849 100

216 2879 273 2932 nisi
287 2883 386 2933 morte
400 2878 480 2933 tristi
494 2883 597 2933 nostra
610 2875 688 2933 finiri
703 2875 788 2933 mala.

215 2960 373 3032 genetrice
387 2975 482 3026 caesa,
497 2976 553 3032 per
566 2957 663 3014 scelus
677 2964 764 3033 rapto
777 2964 874 3032 patre,

215 3038 321 3095 orbata
335 3036 437 3107 fratre,
451 3041 578 3095 miseriis
591 3037 675 3095 luctu
690 3038 807 3108 obruta,

215 3138 352 3176 maerore
366 3138 478 3194 pressa,
493 3122 614 3195 coniugi
629 3122 724 3176 invisa
738 3138 773 3175 ac
787 3138 873 3176 meae

216 3212 275 3273 416
