2538 3846
352 307 442 364 THE
469 303 711 364 TRAGEDIES
741 306 796 365 OF
825 303 984 363 SENECA

602 456 742 494 ssrsntns

521 538 580 596 Vbi
594 557 657 594 non
671 544 718 594 est
732 536 830 612 pudor

215 640 272 677 nec
288 640 358 678 cura
373 623 445 677 iuris
460 623 603 677 sanctitas
618 623 716 695 pietas
730 618 815 687 fides,

215 701 356 758 instabile
372 721 500 777 regnum
517 709 571 758 est.

615 800 725 839 srnsvs

576 880 727 938 Sanctitas
741 883 838 955 pietas
853 878 928 936 fides

216 966 332 1038 privata
346 964 424 1020 bona
439 970 528 1030 sunt;
549 982 609 1039 qua
622 966 705 1019 iuvat
719 980 807 1037 reges
822 967 902 1018 eant.

599 1131 738 1168 ssrsncss

257 1210 350 1268 Nefas
364 1229 474 1268 nocere
488 1211 536 1268 vel
551 1211 630 1268 malo
645 1210 731 1268 fratri
745 1218 827 1287 puta.

612 1379 723 1418 ATREVS

258 1458 313 1515 Fas
328 1466 376 1516 est
391 1462 423 1514 in
437 1458 489 1514 illo
504 1458 653 1534 quidquid
668 1462 699 1514 in
713 1457 807 1515 fratre
821 1465 869 1516 est
883 1459 976 1517 nefas.
1060 1466 1119 1516 220

215 1538 288 1616 quid
303 1544 384 1597 enim
398 1539 522 1615 reliquit
536 1541 661 1595 crimine
675 1542 824 1596 intactum
838 1547 892 1598 aut
905 1541 958 1597 ubi

215 1620 322 1678 sceleri
335 1622 494 1696 pepercit?
536 1623 697 1695 coniugem
712 1628 817 1696 stupro
831 1621 957 1679 abstulit

215 1721 405 1778 regnumque
419 1700 518 1770 furt03
540 1704 695 1775 specimen
708 1704 867 1777 antiquum
882 1706 989 1778 imperi

214 1782 321 1840 fraude
336 1790 384 1840 est
397 1782 537 1859 adeptus,
550 1781 657 1840 fraude
671 1784 805 1840 turbavit
823 1783 956 1841 domum.

215 1873 262 1923 est
278 1864 397 1940 Pelopis
411 1863 480 1921 altis
495 1863 596 1921 nobile
611 1867 643 1920 in
657 1863 783 1922 stabulis
798 1884 901 1941 pecus,

214 1966 339 2004 arcanus
353 1950 440 2017 aries,
454 1945 562 2003 ductor
576 1945 715 2021 opulenti
730 1950 839 2023 gregis.

214 2027 304 2086 huius
318 2048 373 2104 per
386 2046 476 2084 omne
490 2047 598 2103 corpus
613 2027 706 2085 effuso
719 2047 805 2084 coma

214 2109 372 2186 dependet
386 2129 468 2179 auro,
483 2113 566 2166 cuius
581 2128 598 2165 e
613 2108 723 2184 tergo¹
746 2114 815 2165 novi

214 2197 318 2247 aurata
331 2209 420 2266 reges
434 2198 553 2266 sceptra
566 2188 714 2258 Tantalici
729 2199 841 2265 gerunt
853 2210 860 2258 ;
988 2259 990 2265 .

214 2290 365 2347 possessor
379 2270 468 2327 huius
481 2278 601 2347 regnat,
614 2269 696 2327 hunc
710 2278 814 2329 tantae
830 2273 936 2331 domus
1060 2279 1119 2329 230

214 2352 336 2409 fortuna
351 2356 495 2430 sequitur.
537 2359 606 2409 tuta
620 2347 755 2428 seposita
764 2372 848 2411 sacer

214 2438 247 2490 in
261 2442 347 2510 parte
362 2437 458 2510 carpit
472 2440 567 2509 prata,
582 2452 659 2510 quae
674 2432 788 2491 claudit
803 2433 878 2511 lapis

214 2514 307 2574 fatale
322 2535 412 2573 saxeo
426 2534 569 2591 pascuum
584 2534 670 2572 muro
684 2523 802 2591 tegens.

214 2596 296 2654 hunc
310 2596 426 2653 facinus
440 2601 549 2673 ingens
563 2616 651 2654 ausus
665 2595 819 2672 assumpta
833 2601 864 2653 in
879 2595 976 2653 scelus

215 2685 354 2736 consorte
369 2682 464 2735 nostri
478 2678 610 2754 perfidus
624 2677 750 2735 thalami
764 2677 875 2734 avehit.

214 2758 286 2815 hinc
300 2778 390 2816 omne
405 2758 497 2816 cladis
511 2768 634 2817 mutuae
648 2759 736 2816 fluxit
749 2757 862 2815 malum
874 2777 883 2828 ;

214 2860 269 2916 per
282 2860 377 2917 regna
391 2840 528 2917 trepidus
543 2840 612 2898 exul
627 2843 723 2898 erravi
736 2859 814 2910 mea,

335 2945 344 2976 ¹
361 2946 414 2995 Leo
425 2947 578 3010 conjectures
588 2950 691 2995 tracto:
716 2944 889 3005 Wilamowitz,
903 2949 987 2995 texto.

248 3056 257 3087 ¹
275 3058 299 3106 A
311 3073 367 3106 ram
380 3057 447 3106 with
458 3057 554 3122 golden
565 3056 652 3118 flesse,
666 3057 754 3107 whose
765 3058 922 3122 possession,
935 3057 1078 3122 according
1089 3062 1118 3107 to

214 3138 253 3237 pn,
266 3121 542 3252 offlpgtpparanteod
558 3122 704 3187 possession
722 3123 750 3173 of
768 3123 814 3173 the
833 3124 935 3173 throne.
973 3122 1021 3174 See
1033 3121 1118 3173 Index

218 3276 274 3328 108
