2544 3862
354 264 443 322 THE
471 262 712 321 TRAGEDIES
741 262 796 320 OF
825 261 985 321 SENECA

259 380 394 439 Sollicita
408 384 456 437 cui
470 399 552 435 nune
567 387 666 436 mater
679 378 797 435 alterna
811 397 901 454 prece

219 476 310 533 verba
324 474 507 531 admovebo?
535 478 645 530 misera
659 492 751 548 quem
764 472 931 548 amplectar
941 471 1041 547 prius?
1064 467 1126 527 460

219 575 251 626 in
265 578 426 645 utramque
441 576 557 645 partem
573 567 668 624 ducor
681 567 791 624 affectu
806 569 879 643 pari.

219 663 269 720 hic
283 662 380 731 afuit;
402 661 455 720 sed
469 670 559 738 pacta
573 665 597 719 si
612 661 738 719 fratrum
753 661 868 732 valent,

220 776 301 814 nunc
316 757 395 813 alter
408 759 514 814 aberit.
559 776 617 832 ego
632 760 690 812 iam
705 775 872 832 numquam
886 754 962 811 duos

220 855 278 908 nisi
292 855 335 908 sie
349 851 481 909 videbo?

485 944 582 1021 lunge
597 942 772 1021 complexus
786 947 876 1020 prior,

221 1043 274 1116 qui
288 1045 335 1095 tot
349 1037 466 1095 labores
480 1046 588 1114 totque
603 1056 763 1114 perpessus
777 1036 856 1093 mala

221 1134 313 1210 longo
327 1140 487 1209 parentem
501 1131 597 1189 fessus
612 1132 702 1188 exilio
717 1131 810 1189 vides.

221 1226 333 1284 aceede
348 1231 479 1303 propius,
495 1225 584 1283 clude
599 1229 707 1301 vagina
722 1229 848 1301 impium

223 1340 328 1379 ensem
343 1328 375 1376 et
389 1327 575 1377 trementem
588 1323 709 1396 iamque
724 1323 900 1395 cupientem
916 1321 1018 1375 excuti

222 1416 342 1472 hastam
356 1413 419 1470 solo
433 1411 554 1489 defige3
575 1422 748 1471 maternum
762 1421 816 1470 tuo

224 1513 304 1566 coire
318 1514 426 1584 peetus
440 1512 556 1582 pectori
572 1508 687 1583 clipeus
702 1515 806 1575 vetat3
1068 1507 1130 1565 470

224 1602 305 1659 hune
320 1620 440 1677 quoque
455 1621 577 1678 repone.
620 1600 741 1659 vinculo
755 1601 889 1659 frontem
904 1619 982 1658 exue

224 1679 433 1772 tegumenque
447 1698 554 1771 eapitis
567 1699 656 1753 triste
671 1694 811 1771 belligeri
825 1695 894 1752 leva
929 1733 931 1738 ·

225 1796 258 1846 et
272 1808 323 1846 ora
337 1792 427 1846 matri
441 1788 544 1846 redde.
588 1809 648 1866 quo
662 1789 764 1847 vultus
778 1789 873 1847 refers

225 1888 351 1960 acieque
365 1883 473 1961 pavida
487 1883 587 1941 fratris
602 1885 741 1942 observas
756 1886 902 1941 manum?

226 1976 319 2034 affusa
331 1985 432 2035 totum
446 1996 554 2054 eorpus
568 1977 709 2053 amplexu
723 1986 839 2055 tegam,

227 2079 281 2128 tuo
295 2074 391 2128 cruori
406 2090 461 2148 per
474 2090 576 2127 meum
592 2071 645 2128 fiet
659 2075 714 2127 via.

228 2165 301 2242 quid
316 2165 425 2222 dubius
439 2165 568 2222 haeres?
609 2185 647 2221 an
662 2169 753 2223 times
767 2169 873 2224 matris
887 2164 1001 2224 fidem?

599 2356 759 2396 Pouvurcus

270 2445 394 2512 Time0;
415 2444 492 2501 nihil
506 2448 565 2501 iam
579 2448 644 2501 iura
657 2453 784 2503 naturae
798 2445 910 2503 valent

229 2547 299 2615 post
313 2542 372 2596 ista
385 2538 512 2595 fratrum
527 2538 666 2615 exempla
680 2559 720 2597 ne
734 2544 824 2598 matri
837 2540 961 2618 quidem

230 2633 304 2690 fides
318 2632 459 2689 habenda
473 2640 528 2689 est.

623 2760 742 2798 morsm

536 2846 643 2905 Redde
656 2852 716 2904 iam
730 2848 838 2923 capulo
852 2868 985 2918 manum,
1074 2854 1134 2905 480

231 2943 365 3014 astringe
380 2938 508 3016 galeam,
523 2940 608 2998 laeva
622 2961 655 2999 se
669 2941 768 3018 clipeo
782 2946 915 3009 inserat3

232 3034 305 3089 dum
319 3031 414 3091 frater
428 3043 610 3105 exarmatur,
624 3043 756 3092 armatus
770 3055 868 3093 mane.

575 3167 583 3196 ¹
601 3168 642 3217 ie.
658 3169 685 3216 iu
696 3169 808 3233 eumity.

234 3239 293 3291 382
