<?xml version="1.0" encoding="UTF-8"?>
<!DOCTYPE html PUBLIC "-//W3C//DTD XHTML 1.0 Transitional//EN"
    "http://www.w3.org/TR/xhtml1/DTD/xhtml1-transitional.dtd">
<html xmlns="http://www.w3.org/1999/xhtml" xml:lang="en" lang="en">
 <head>
  <title>
</title>
<meta http-equiv="Content-Type" content="text/html;charset=utf-8" />
  <meta name='ocr-system' content='tesseract 3.04.00' />
  <meta name='ocr-capabilities' content='ocr_page ocr_carea ocr_par ocr_line ocrx_word'/>
</head>
<body>
  <div class='ocr_page' id='page_1' title='image "./senecastragedie01millgoog_0217.png"; bbox 0 0 2544 3840; ppageno 0'>
   <div class='ocr_carea' id='block_1_1' title="bbox 358 281 988 343">
    <p class='ocr_par' dir='ltr' id='par_1_1' title="bbox 358 281 988 343">
     <span class='ocr_line' id='line_1_1' title="bbox 358 281 988 343; baseline 0 -2"><span class='ocrx_word' id='word_1_1' title='bbox 358 281 447 341; x_wconf 91' lang='lat' dir='ltr'><strong>THE</strong></span> <span class='ocrx_word' id='word_1_2' title='bbox 474 282 714 343; x_wconf 88' lang='lat' dir='ltr'><strong>TRAGEDlES</strong></span> <span class='ocrx_word' id='word_1_3' title='bbox 743 284 798 342; x_wconf 89' lang='lat' dir='ltr'><strong>OF</strong></span> <span class='ocrx_word' id='word_1_4' title='bbox 827 283 988 342; x_wconf 87' lang='lat' dir='ltr'><strong>SENECA</strong></span> 
     </span>
    </p>
   </div>
   <div class='ocr_carea' id='block_1_2' title="bbox 198 398 1129 3082">
    <p class='ocr_par' dir='ltr' id='par_1_2' title="bbox 280 398 919 1355">
     <span class='ocr_line' id='line_1_2' title="bbox 280 398 836 477; baseline 0.004 -23"><span class='ocrx_word' id='word_1_5' title='bbox 280 402 346 475; x_wconf 92' lang='lat' dir='ltr'><strong>ipso</strong></span> <span class='ocrx_word' id='word_1_6' title='bbox 359 398 549 457; x_wconf 72' lang='lat' dir='ltr'><strong>Thessalicus</strong></span> <span class='ocrx_word' id='word_1_7' title='bbox 563 407 665 476; x_wconf 88' lang='lat' dir='ltr'><strong>pastor</strong></span> <span class='ocrx_word' id='word_1_8' title='bbox 678 405 709 456; x_wconf 90' lang='lat' dir='ltr'><strong>in</strong></span> <span class='ocrx_word' id='word_1_9' title='bbox 724 399 836 477; x_wconf 90' lang='lat' dir='ltr'><strong>oppido</strong></span> 
     </span>
     <span class='ocr_line' id='line_1_3' title="bbox 280 480 812 539; baseline 0.002 -3"><span class='ocrx_word' id='word_1_10' title='bbox 280 480 403 538; x_wconf 88' lang='lat' dir='ltr'><strong>indocta</strong></span> <span class='ocrx_word' id='word_1_11' title='bbox 416 480 552 539; x_wconf 86' lang='lat' dir='ltr'><strong>referens</strong></span> <span class='ocrx_word' id='word_1_12' title='bbox 566 485 698 538; x_wconf 87' lang='lat' dir='ltr'><strong>carmina</strong></span> <span class='ocrx_word' id='word_1_13' title='bbox 712 481 812 539; x_wconf 89' lang='lat' dir='ltr'><strong>fistula</strong></span> 
     </span>
     <span class='ocr_line' id='line_1_4' title="bbox 281 561 869 639; baseline -0.002 -21"><span class='ocrx_word' id='word_1_14' title='bbox 281 569 372 619; x_wconf 90' lang='lat' dir='ltr'><strong>cantu</strong></span> <span class='ocrx_word' id='word_1_15' title='bbox 387 570 490 620; x_wconf 90' lang='lat' dir='ltr'><strong>nostra</strong></span> <span class='ocrx_word' id='word_1_16' title='bbox 504 570 594 620; x_wconf 90' lang='lat' dir='ltr'><strong>canet</strong></span> <span class='ocrx_word' id='word_1_17' title='bbox 607 571 746 639; x_wconf 88' lang='lat' dir='ltr'><strong>tempora</strong></span> <span class='ocrx_word' id='word_1_18' title='bbox 759 561 869 630; x_wconf 90' lang='lat' dir='ltr'><strong>flebili;</strong></span> 
     </span>
     <span class='ocr_line' id='line_1_5' title="bbox 282 643 919 720; baseline 0 -20"><span class='ocrx_word' id='word_1_19' title='bbox 282 650 315 701; x_wconf 87' lang='lat' dir='ltr'><strong>et</strong></span> <span class='ocrx_word' id='word_1_20' title='bbox 329 643 402 700; x_wconf 92' lang='lat' dir='ltr'><strong>dum</strong></span> <span class='ocrx_word' id='word_1_21' title='bbox 416 664 512 720; x_wconf 87' lang='lat' dir='ltr'><strong>pauca</strong></span> <span class='ocrx_word' id='word_1_22' title='bbox 525 644 601 703; x_wconf 89' lang='lat' dir='ltr'><strong>deus</strong></span> <span class='ocrx_word' id='word_1_23' title='bbox 615 644 735 702; x_wconf 87' lang='lat' dir='ltr'><strong>saecula</strong></span> <span class='ocrx_word' id='word_1_24' title='bbox 748 643 919 713; x_wconf 78' lang='lat' dir='ltr'><strong>contrahet,</strong></span> 
     </span>
     <span class='ocr_line' id='line_1_6' title="bbox 281 724 868 804; baseline 0.003 -24"><span class='ocrx_word' id='word_1_25' title='bbox 281 733 444 801; x_wconf 82' lang='lat' dir='ltr'><strong>quaeretur</strong></span> <span class='ocrx_word' id='word_1_26' title='bbox 458 730 573 803; x_wconf 80' lang='lat' dir='ltr'><strong>patriae</strong></span> <span class='ocrx_word' id='word_1_27' title='bbox 588 730 655 804; x_wconf 91' lang='lat' dir='ltr'><strong>quis</strong></span> <span class='ocrx_word' id='word_1_28' title='bbox 669 725 762 784; x_wconf 90' lang='lat' dir='ltr'><strong>fuerit</strong></span> <span class='ocrx_word' id='word_1_29' title='bbox 776 724 868 782; x_wconf 89' lang='lat' dir='ltr'><strong>locus.</strong></span> 
     </span>
     <span class='ocr_line' id='line_1_7' title="bbox 280 803 786 867; baseline 0.008 -7"><span class='ocrx_word' id='word_1_30' title='bbox 280 803 355 863; x_wconf 87' lang='lat' dir='ltr'><strong>felix</strong></span> <span class='ocrx_word' id='word_1_31' title='bbox 369 808 481 865; x_wconf 87' lang='lat' dir='ltr'><strong>incolui</strong></span> <span class='ocrx_word' id='word_1_32' title='bbox 495 826 557 865; x_wconf 88' lang='lat' dir='ltr'><strong>non</strong></span> <span class='ocrx_word' id='word_1_33' title='bbox 571 807 689 867; x_wconf 89' lang='lat' dir='ltr'><strong>steriles</strong></span> <span class='ocrx_word' id='word_1_34' title='bbox 703 806 786 865; x_wconf 90' lang='lat' dir='ltr'><strong>focos</strong></span> 
     </span>
     <span class='ocr_line' id='line_1_8' title="bbox 281 888 812 966; baseline 0.004 -23"><span class='ocrx_word' id='word_1_35' title='bbox 281 906 339 944; x_wconf 90' lang='lat' dir='ltr'><strong>nec</strong></span> <span class='ocrx_word' id='word_1_36' title='bbox 353 891 455 946; x_wconf 91' lang='lat' dir='ltr'><strong>ieiuna</strong></span> <span class='ocrx_word' id='word_1_37' title='bbox 469 889 523 946; x_wconf 90' lang='lat' dir='ltr'><strong>soli</strong></span> <span class='ocrx_word' id='word_1_38' title='bbox 537 893 643 966; x_wconf 89' lang='lat' dir='ltr'><strong>iugera</strong></span> <span class='ocrx_word' id='word_1_39' title='bbox 657 888 812 956; x_wconf 89' lang='lat' dir='ltr'><strong>Thessali;</strong></span> 
     </span>
     <span class='ocr_line' id='line_1_9' title="bbox 281 967 827 1047; baseline 0.004 -23"><span class='ocrx_word' id='word_1_40' title='bbox 281 967 321 1025; x_wconf 93' lang='lat' dir='ltr'><strong>ad</strong></span> <span class='ocrx_word' id='word_1_41' title='bbox 334 968 484 1027; x_wconf 83' lang='lat' dir='ltr'><strong>Trachina</strong></span> <span class='ocrx_word' id='word_1_42' title='bbox 498 990 596 1041; x_wconf 89' lang='lat' dir='ltr'><strong>vocor,</strong></span> <span class='ocrx_word' id='word_1_43' title='bbox 611 990 681 1028; x_wconf 82' lang='lat' dir='ltr'><strong>saxa</strong></span> <span class='ocrx_word' id='word_1_44' title='bbox 694 973 827 1047; x_wconf 84' lang='lat' dir='ltr'><strong>rigentia</strong></span> 
     </span>
     <span class='ocr_line' id='line_1_10' title="bbox 283 1049 826 1128; baseline 0 -21"><span class='ocrx_word' id='word_1_45' title='bbox 283 1057 317 1108; x_wconf 90' lang='lat' dir='ltr'><strong>et</strong></span> <span class='ocrx_word' id='word_1_46' title='bbox 330 1049 455 1109; x_wconf 90' lang='lat' dir='ltr'><strong>dumeta</strong></span> <span class='ocrx_word' id='word_1_47' title='bbox 469 1056 547 1128; x_wconf 91' lang='lat' dir='ltr'><strong>iugis</strong></span> <span class='ocrx_word' id='word_1_48' title='bbox 562 1051 682 1110; x_wconf 89' lang='lat' dir='ltr'><strong>horrida</strong></span> <span class='ocrx_word' id='word_1_49' title='bbox 694 1051 826 1122; x_wconf 88' lang='lat' dir='ltr'><strong>torridis,</strong></span> 
     </span>
     <span class='ocr_line' id='line_1_11' title="bbox 282 1135 900 1211; baseline 0.006 -24"><span class='ocrx_word' id='word_1_50' title='bbox 282 1135 331 1188; x_wconf 88' lang='lat' dir='ltr'><strong>vix</strong></span> <span class='ocrx_word' id='word_1_51' title='bbox 345 1141 466 1208; x_wconf 87' lang='lat' dir='ltr'><strong>gratum</strong></span> <span class='ocrx_word' id='word_1_52' title='bbox 479 1138 581 1211; x_wconf 87' lang='lat' dir='ltr'><strong>pecori</strong></span> <span class='ocrx_word' id='word_1_53' title='bbox 594 1137 770 1210; x_wconf 83' lang='lat' dir='ltr'><strong>montivago</strong></span> <span class='ocrx_word' id='word_1_54' title='bbox 783 1150 900 1191; x_wconf 87' lang='lat' dir='ltr'><strong>nemus.</strong></span> 
     </span>
     <span class='ocr_line' id='line_1_12' title="bbox 282 1213 892 1291; baseline 0 -22"><span class='ocrx_word' id='word_1_55' title='bbox 282 1221 314 1271; x_wconf 88' lang='lat' dir='ltr'><strong>at</strong></span> <span class='ocrx_word' id='word_1_56' title='bbox 328 1214 354 1270; x_wconf 87' lang='lat' dir='ltr'><strong>si</strong></span> <span class='ocrx_word' id='word_1_57' title='bbox 368 1234 442 1291; x_wconf 92' lang='lat' dir='ltr'><strong>quas</strong></span> <span class='ocrx_word' id='word_1_58' title='bbox 455 1214 562 1273; x_wconf 89' lang='lat' dir='ltr'><strong>melior</strong></span> <span class='ocrx_word' id='word_1_59' title='bbox 576 1234 638 1273; x_wconf 87' lang='lat' dir='ltr'><strong>sors</strong></span> <span class='ocrx_word' id='word_1_60' title='bbox 653 1213 781 1272; x_wconf 87' lang='lat' dir='ltr'><strong>famulas</strong></span> <span class='ocrx_word' id='word_1_61' title='bbox 794 1221 892 1283; x_wconf 86' lang='lat' dir='ltr'><strong>vocat,</strong></span> 
     </span>
     <span class='ocr_line' id='line_1_13' title="bbox 281 1293 874 1355; baseline 0 -4"><span class='ocrx_word' id='word_1_62' title='bbox 281 1294 348 1352; x_wconf 91' lang='lat' dir='ltr'><strong>illas</strong></span> <span class='ocrx_word' id='word_1_63' title='bbox 361 1304 415 1354; x_wconf 90' lang='lat' dir='ltr'><strong>aut</strong></span> <span class='ocrx_word' id='word_1_64' title='bbox 428 1295 551 1354; x_wconf 88' lang='lat' dir='ltr'><strong>volucer</strong></span> <span class='ocrx_word' id='word_1_65' title='bbox 563 1296 728 1355; x_wconf 85' lang='lat' dir='ltr'><strong>transferet</strong></span> <span class='ocrx_word' id='word_1_66' title='bbox 744 1293 874 1352; x_wconf 89' lang='lat' dir='ltr'><strong>Inachus</strong></span> 
     </span>
    </p>

    <p class='ocr_par' dir='ltr' id='par_1_3' title="bbox 198 1374 893 1616">
     <span class='ocr_line' id='line_1_14' title="bbox 198 1374 893 1454; baseline 0.004 -25"><span class='ocrx_word' id='word_1_67' title='bbox 198 1425 199 1429; x_wconf 75' lang='grc'>,</span> <span class='ocrx_word' id='word_1_68' title='bbox 281 1385 335 1434; x_wconf 90' lang='lat' dir='ltr'><strong>aut</strong></span> <span class='ocrx_word' id='word_1_69' title='bbox 350 1376 479 1435; x_wconf 89' lang='lat' dir='ltr'><strong>Dircaea</strong></span> <span class='ocrx_word' id='word_1_70' title='bbox 493 1378 595 1435; x_wconf 88' lang='lat' dir='ltr'><strong>colent</strong></span> <span class='ocrx_word' id='word_1_71' title='bbox 609 1382 738 1448; x_wconf 92' lang='lat' dir='ltr'><strong>moenia,</strong></span> <span class='ocrx_word' id='word_1_72' title='bbox 753 1396 812 1454; x_wconf 92' lang='lat' dir='ltr'><strong>qua</strong></span> <span class='ocrx_word' id='word_1_73' title='bbox 826 1374 893 1433; x_wconf 88' lang='lat' dir='ltr'><strong>fluit</strong></span> 
     </span>
     <span class='ocr_line' id='line_1_15' title="bbox 283 1456 849 1535; baseline 0.004 -22"><span class='ocrx_word' id='word_1_74' title='bbox 283 1456 419 1516; x_wconf 88' lang='lat' dir='ltr'><strong>Ismenos</strong></span> <span class='ocrx_word' id='word_1_75' title='bbox 432 1463 519 1516; x_wconf 91' lang='lat' dir='ltr'><strong>tenui</strong></span> <span class='ocrx_word' id='word_1_76' title='bbox 532 1458 656 1516; x_wconf 89' lang='lat' dir='ltr'><strong>flumine</strong></span> <span class='ocrx_word' id='word_1_77' title='bbox 669 1458 830 1535; x_wconf 91' lang='lat' dir='ltr'><strong>languidus</strong></span> <span class='ocrx_word' id='word_1_78' title='bbox 841 1477 849 1526; x_wconf 91' lang='lat'>;</span> 
     </span>
     <span class='ocr_line' id='line_1_16' title="bbox 281 1537 891 1616; baseline 0.003 -23"><span class='ocrx_word' id='word_1_79' title='bbox 281 1537 332 1595; x_wconf 89' lang='lat' dir='ltr'><strong>hie</strong></span> <span class='ocrx_word' id='word_1_80' title='bbox 345 1547 444 1598; x_wconf 88' lang='lat' dir='ltr'><strong>mater</strong></span> <span class='ocrx_word' id='word_1_81' title='bbox 457 1539 568 1596; x_wconf 91' lang='lat' dir='ltr'><strong>tumidi</strong></span> <span class='ocrx_word' id='word_1_82' title='bbox 581 1547 726 1616; x_wconf 86' lang='lat' dir='ltr'><strong>nupserat</strong></span> <span class='ocrx_word' id='word_1_83' title='bbox 741 1539 891 1597; x_wconf 89' lang='lat' dir='ltr'><strong>Herculis.</strong></span> 
     </span>
    </p>

    <p class='ocr_par' dir='ltr' id='par_1_4' title="bbox 324 1619 963 1698">
     <span class='ocr_line' id='line_1_17' title="bbox 324 1619 963 1698; baseline 0.002 -22"><span class='ocrx_word' id='word_1_84' title='bbox 324 1620 411 1677; x_wconf 85' lang='lat' dir='ltr'><strong>Falsa</strong></span> <span class='ocrx_word' id='word_1_85' title='bbox 426 1628 473 1679; x_wconf 88' lang='lat' dir='ltr'><strong>est</strong></span> <span class='ocrx_word' id='word_1_86' title='bbox 487 1620 527 1678; x_wconf 89' lang='lat' dir='ltr'><strong>de</strong></span> <span class='ocrx_word' id='word_1_87' title='bbox 541 1625 671 1698; x_wconf 87' lang='lat' dir='ltr'><strong>geminis</strong></span> <span class='ocrx_word' id='word_1_88' title='bbox 685 1621 787 1679; x_wconf 91' lang='lat' dir='ltr'><strong>fabula</strong></span> <span class='ocrx_word' id='word_1_89' title='bbox 801 1619 963 1691; x_wconf 86' lang='lat' dir='ltr'><strong>noctibus,l</strong></span> 
     </span>
    </p>

    <p class='ocr_par' dir='ltr' id='par_1_5' title="bbox 282 1702 1129 3082">
     <span class='ocr_line' id='line_1_18' title="bbox 282 1702 833 1779; baseline 0 -20"><span class='ocrx_word' id='word_1_90' title='bbox 282 1702 390 1759; x_wconf 83' lang='lat' dir='ltr'><strong>aether</strong></span> <span class='ocrx_word' id='word_1_91' title='bbox 403 1722 472 1759; x_wconf 88' lang='lat' dir='ltr'><strong>oum</strong></span> <span class='ocrx_word' id='word_1_92' title='bbox 486 1706 588 1761; x_wconf 90' lang='lat' dir='ltr'><strong>tenuit</strong></span> <span class='ocrx_word' id='word_1_93' title='bbox 601 1703 700 1761; x_wconf 88' lang='lat' dir='ltr'><strong>sidera</strong></span> <span class='ocrx_word' id='word_1_94' title='bbox 713 1702 833 1779; x_wconf 87' lang='lat' dir='ltr'><strong>longius</strong></span> 
     </span>
     <span class='ocr_line' id='line_1_19' title="bbox 285 1783 884 1861; baseline -0.002 -20"><span class='ocrx_word' id='word_1_95' title='bbox 285 1788 495 1861; x_wconf 85' lang='lat' dir='ltr'><strong>commisitque</strong></span> <span class='ocrx_word' id='word_1_96' title='bbox 510 1788 590 1843; x_wconf 90' lang='lat' dir='ltr'><strong>vices</strong></span> <span class='ocrx_word' id='word_1_97' title='bbox 604 1783 727 1843; x_wconf 86' lang='lat' dir='ltr'><strong>Lucifer</strong></span> <span class='ocrx_word' id='word_1_98' title='bbox 742 1784 884 1860; x_wconf 86' lang='lat' dir='ltr'><strong>Hespero</strong></span> 
     </span>
     <span class='ocr_line' id='line_1_20' title="bbox 286 1863 787 1925; baseline -0.004 -1"><span class='ocrx_word' id='word_1_99' title='bbox 286 1873 318 1924; x_wconf 90' lang='lat' dir='ltr'><strong>et</strong></span> <span class='ocrx_word' id='word_1_100' title='bbox 332 1863 435 1924; x_wconf 91' lang='lat' dir='ltr'><strong>Solem</strong></span> <span class='ocrx_word' id='word_1_101' title='bbox 449 1870 548 1925; x_wconf 86' lang='lat' dir='ltr'><strong>vetuit</strong></span> <span class='ocrx_word' id='word_1_102' title='bbox 563 1865 653 1924; x_wconf 92' lang='lat' dir='ltr'><strong>Delia</strong></span> <span class='ocrx_word' id='word_1_103' title='bbox 666 1866 787 1924; x_wconf 87' lang='lat' dir='ltr'><strong>tardior.</strong></span> 
     </span>
     <span class='ocr_line' id='line_1_21' title="bbox 286 1946 966 2026; baseline -0.001 -21"><span class='ocrx_word' id='word_1_104' title='bbox 286 1967 364 2025; x_wconf 87' lang='lat' dir='ltr'><strong>quae</strong></span> <span class='ocrx_word' id='word_1_105' title='bbox 379 1956 483 2006; x_wconf 89' lang='lat' dir='ltr'><strong>cautes</strong></span> <span class='ocrx_word' id='word_1_106' title='bbox 497 1947 651 2026; x_wconf 86' lang='lat' dir='ltr'><strong>Scythiae,</strong></span> <span class='ocrx_word' id='word_1_107' title='bbox 666 1952 733 2025; x_wconf 91' lang='lat' dir='ltr'><strong>quis</strong></span> <span class='ocrx_word' id='word_1_108' title='bbox 746 1951 856 2024; x_wconf 89' lang='lat' dir='ltr'><strong>genuit</strong></span> <span class='ocrx_word' id='word_1_109' title='bbox 869 1946 966 2022; x_wconf 81' lang='lat' dir='ltr'><strong>lapis?</strong></span> 
     </span>
     <span class='ocr_line' id='line_1_22' title="bbox 286 2029 904 2106; baseline -0.002 -19"><span class='ocrx_word' id='word_1_110' title='bbox 286 2050 360 2087; x_wconf 89' lang='lat' dir='ltr'><strong>num</strong></span> <span class='ocrx_word' id='word_1_111' title='bbox 375 2030 484 2088; x_wconf 83' lang='lat' dir='ltr'><strong>Titana</strong></span> <span class='ocrx_word' id='word_1_112' title='bbox 499 2029 597 2088; x_wconf 91' lang='lat' dir='ltr'><strong>ferum</strong></span> <span class='ocrx_word' id='word_1_113' title='bbox 612 2038 645 2088; x_wconf 90' lang='lat' dir='ltr'><strong>te</strong></span> <span class='ocrx_word' id='word_1_114' title='bbox 661 2029 807 2106; x_wconf 88' lang='lat' dir='ltr'><strong>Rhodope</strong></span> <span class='ocrx_word' id='word_1_115' title='bbox 821 2029 904 2099; x_wconf 88' lang='lat' dir='ltr'><strong>tulit,</strong></span> 
     </span>
     <span class='ocr_line' id='line_1_23' title="bbox 284 2109 905 2188; baseline -0.005 -19"><span class='ocrx_word' id='word_1_116' title='bbox 284 2120 317 2170; x_wconf 89' lang='lat' dir='ltr'><strong>te</strong></span> <span class='ocrx_word' id='word_1_117' title='bbox 332 2119 513 2188; x_wconf 87' lang='lat' dir='ltr'><strong>praeruptus</strong></span> <span class='ocrx_word' id='word_1_118' title='bbox 527 2110 637 2181; x_wconf 87' lang='lat' dir='ltr'><strong>Athos,</strong></span> <span class='ocrx_word' id='word_1_119' title='bbox 650 2118 683 2168; x_wconf 88' lang='lat' dir='ltr'><strong>te</strong></span> <span class='ocrx_word' id='word_1_120' title='bbox 698 2109 762 2168; x_wconf 88' lang='lat' dir='ltr'><strong>fera</strong></span> <span class='ocrx_word' id='word_1_121' title='bbox 776 2110 905 2186; x_wconf 81' lang='lat' dir='ltr'><strong>caspia,2</strong></span> 
     </span>
     <span class='ocr_line' id='line_1_24' title="bbox 283 2192 843 2269; baseline -0.004 -20"><span class='ocrx_word' id='word_1_122' title='bbox 283 2212 362 2269; x_wconf 92' lang='lat' dir='ltr'><strong>quae</strong></span> <span class='ocrx_word' id='word_1_123' title='bbox 377 2196 491 2267; x_wconf 89' lang='lat' dir='ltr'><strong>virgata</strong></span> <span class='ocrx_word' id='word_1_124' title='bbox 504 2193 562 2250; x_wconf 92' lang='lat' dir='ltr'><strong>tibi</strong></span> <span class='ocrx_word' id='word_1_125' title='bbox 575 2193 716 2269; x_wconf 89' lang='lat' dir='ltr'><strong>praebuit</strong></span> <span class='ocrx_word' id='word_1_126' title='bbox 729 2192 843 2248; x_wconf 89' lang='lat' dir='ltr'><strong>ubera?</strong></span> 
     </span>
     <span class='ocr_line' id='line_1_25' title="bbox 284 2272 935 2350; baseline 0 -20"><span class='ocrx_word' id='word_1_127' title='bbox 284 2273 375 2330; x_wconf 89' lang='lat' dir='ltr'><strong>nullis</strong></span> <span class='ocrx_word' id='word_1_128' title='bbox 389 2272 564 2331; x_wconf 89' lang='lat' dir='ltr'><strong>vulneribus</strong></span> <span class='ocrx_word' id='word_1_129' title='bbox 577 2277 680 2350; x_wconf 90' lang='lat' dir='ltr'><strong>pervia</strong></span> <span class='ocrx_word' id='word_1_130' title='bbox 693 2273 829 2329; x_wconf 90' lang='lat' dir='ltr'><strong>membra</strong></span> <span class='ocrx_word' id='word_1_131' title='bbox 843 2281 915 2330; x_wconf 91' lang='lat' dir='ltr'><strong>sunt</strong></span> <span class='ocrx_word' id='word_1_132' title='bbox 927 2292 935 2341; x_wconf 91' lang='lat'>;</span> 
     </span>
     <span class='ocr_line' id='line_1_26' title="bbox 284 2352 964 2432; baseline -0.001 -20"><span class='ocrx_word' id='word_1_133' title='bbox 284 2356 397 2413; x_wconf 91' lang='lat' dir='ltr'><strong>ferrum</strong></span> <span class='ocrx_word' id='word_1_134' title='bbox 412 2359 508 2414; x_wconf 87' lang='lat' dir='ltr'><strong>sentit</strong></span> <span class='ocrx_word' id='word_1_135' title='bbox 520 2354 625 2426; x_wconf 85' lang='lat' dir='ltr'><strong>hebes,</strong></span> <span class='ocrx_word' id='word_1_136' title='bbox 636 2355 748 2412; x_wconf 88' lang='lat' dir='ltr'><strong>lentior</strong></span> <span class='ocrx_word' id='word_1_137' title='bbox 762 2361 810 2412; x_wconf 89' lang='lat' dir='ltr'><strong>est</strong></span> <span class='ocrx_word' id='word_1_138' title='bbox 822 2352 964 2432; x_wconf 84' lang='lat' dir='ltr'><strong>chalybs3</strong></span> 
     </span>
     <span class='ocr_line' id='line_1_27' title="bbox 284 2435 848 2513; baseline -0.005 -18"><span class='ocrx_word' id='word_1_139' title='bbox 284 2442 316 2495; x_wconf 93' lang='lat' dir='ltr'><strong>in</strong></span> <span class='ocrx_word' id='word_1_140' title='bbox 330 2437 413 2495; x_wconf 93' lang='lat' dir='ltr'><strong>nudo</strong></span> <span class='ocrx_word' id='word_1_141' title='bbox 427 2436 546 2513; x_wconf 82' lang='lat' dir='ltr'><strong>gladius</strong></span> <span class='ocrx_word' id='word_1_142' title='bbox 560 2455 683 2512; x_wconf 83' lang='lat' dir='ltr'><strong>corpore</strong></span> <span class='ocrx_word' id='word_1_143' title='bbox 697 2435 848 2512; x_wconf 82' lang='lat' dir='ltr'><strong>frangitur</strong></span> 
     </span>
     <span class='ocr_line' id='line_1_28' title="bbox 283 2516 844 2595; baseline -0.005 -18"><span class='ocrx_word' id='word_1_144' title='bbox 283 2527 316 2577; x_wconf 93' lang='lat' dir='ltr'><strong>et</strong></span> <span class='ocrx_word' id='word_1_145' title='bbox 330 2538 434 2577; x_wconf 87' lang='lat' dir='ltr'><strong>saxum</strong></span> <span class='ocrx_word' id='word_1_146' title='bbox 448 2518 554 2589; x_wconf 88' lang='lat' dir='ltr'><strong>resilit,</strong></span> <span class='ocrx_word' id='word_1_147' title='bbox 567 2516 691 2595; x_wconf 86' lang='lat' dir='ltr'><strong>fataque</strong></span> <span class='ocrx_word' id='word_1_148' title='bbox 704 2516 844 2593; x_wconf 82' lang='lat' dir='ltr'><strong>neglegit</strong></span> 
     </span>
     <span class='ocr_line' id='line_1_29' title="bbox 285 2600 926 2676; baseline -0.006 -17"><span class='ocrx_word' id='word_1_149' title='bbox 285 2608 318 2659; x_wconf 91' lang='lat' dir='ltr'><strong>et</strong></span> <span class='ocrx_word' id='word_1_150' title='bbox 330 2608 460 2657; x_wconf 89' lang='lat' dir='ltr'><strong>mortem</strong></span> <span class='ocrx_word' id='word_1_151' title='bbox 475 2600 624 2658; x_wconf 90' lang='lat' dir='ltr'><strong>indomito</strong></span> <span class='ocrx_word' id='word_1_152' title='bbox 637 2618 761 2676; x_wconf 87' lang='lat' dir='ltr'><strong>corpore</strong></span> <span class='ocrx_word' id='word_1_153' title='bbox 776 2606 926 2676; x_wconf 89' lang='lat' dir='ltr'><strong>provocat.</strong></span> 
     </span>
     <span class='ocr_line' id='line_1_30' title="bbox 283 2680 875 2757; baseline -0.003 -18"><span class='ocrx_word' id='word_1_154' title='bbox 283 2701 346 2740; x_wconf 91' lang='lat' dir='ltr'><strong>non</strong></span> <span class='ocrx_word' id='word_1_155' title='bbox 360 2681 446 2738; x_wconf 91' lang='lat' dir='ltr'><strong>illum</strong></span> <span class='ocrx_word' id='word_1_156' title='bbox 460 2689 603 2757; x_wconf 84' lang='lat' dir='ltr'><strong>poterant</strong></span> <span class='ocrx_word' id='word_1_157' title='bbox 617 2681 710 2757; x_wconf 85' lang='lat' dir='ltr'><strong>figere</strong></span> <span class='ocrx_word' id='word_1_158' title='bbox 724 2680 875 2757; x_wconf 81' lang='lat' dir='ltr'><strong>cuspideS,</strong></span> 
     </span>
     <span class='ocr_line' id='line_1_31' title="bbox 285 2760 917 2840; baseline -0.008 -20"><span class='ocrx_word' id='word_1_159' title='bbox 285 2783 347 2820; x_wconf 90' lang='lat' dir='ltr'><strong>non</strong></span> <span class='ocrx_word' id='word_1_160' title='bbox 361 2781 447 2820; x_wconf 84' lang='lat' dir='ltr'><strong>arcus</strong></span> <span class='ocrx_word' id='word_1_161' title='bbox 461 2762 604 2840; x_wconf 90' lang='lat' dir='ltr'><strong>Scythica</strong></span> <span class='ocrx_word' id='word_1_162' title='bbox 617 2770 723 2820; x_wconf 89' lang='lat' dir='ltr'><strong>tensus</strong></span> <span class='ocrx_word' id='word_1_163' title='bbox 736 2760 917 2829; x_wconf 90' lang='lat' dir='ltr'><strong>harundine,</strong></span> 
     </span>
     <span class='ocr_line' id='line_1_32' title="bbox 284 2841 901 2921; baseline -0.008 -19"><span class='ocrx_word' id='word_1_164' title='bbox 284 2864 345 2902; x_wconf 91' lang='lat' dir='ltr'><strong>non</strong></span> <span class='ocrx_word' id='word_1_165' title='bbox 361 2863 438 2920; x_wconf 88' lang='lat' dir='ltr'><strong>quae</strong></span> <span class='ocrx_word' id='word_1_166' title='bbox 453 2844 516 2902; x_wconf 87' lang='lat' dir='ltr'><strong>tela</strong></span> <span class='ocrx_word' id='word_1_167' title='bbox 529 2847 611 2921; x_wconf 88' lang='lat' dir='ltr'><strong>gerit</strong></span> <span class='ocrx_word' id='word_1_168' title='bbox 624 2842 761 2902; x_wconf 88' lang='lat' dir='ltr'><strong>Sarmata</strong></span> <span class='ocrx_word' id='word_1_169' title='bbox 774 2841 901 2919; x_wconf 89' lang='lat' dir='ltr'><strong>frigidus</strong></span> 
     </span>
     <span class='ocr_line' id='line_1_33' title="bbox 283 2923 867 3003; baseline -0.003 -21"><span class='ocrx_word' id='word_1_170' title='bbox 283 2934 337 2984; x_wconf 92' lang='lat' dir='ltr'><strong>aut</strong></span> <span class='ocrx_word' id='word_1_171' title='bbox 352 2929 404 3003; x_wconf 90' lang='lat' dir='ltr'><strong>qui</strong></span> <span class='ocrx_word' id='word_1_172' title='bbox 419 2924 558 2984; x_wconf 87' lang='lat' dir='ltr'><strong>soliferae</strong></span> <span class='ocrx_word' id='word_1_173' title='bbox 573 2929 745 3003; x_wconf 87' lang='lat' dir='ltr'><strong>suppositus</strong></span> <span class='ocrx_word' id='word_1_174' title='bbox 759 2923 867 3000; x_wconf 82' lang='lat' dir='ltr'><strong>plagae</strong></span> 
     </span>
     <span class='ocr_line' id='line_1_34' title="bbox 285 2999 1129 3082; baseline -0.007 -17"><span class='ocrx_word' id='word_1_175' title='bbox 285 3012 385 3065; x_wconf 85' lang='lat' dir='ltr'><strong>vicino</strong></span> <span class='ocrx_word' id='word_1_176' title='bbox 399 3006 536 3066; x_wconf 87' lang='lat' dir='ltr'><strong>Nabatae</strong></span> <span class='ocrx_word' id='word_1_177' title='bbox 551 3007 677 3066; x_wconf 90' lang='lat' dir='ltr'><strong>vulnera</strong></span> <span class='ocrx_word' id='word_1_178' title='bbox 691 3006 796 3082; x_wconf 89' lang='lat' dir='ltr'><strong>dirigit</strong></span> <span class='ocrx_word' id='word_1_179' title='bbox 1072 2999 1129 3060; x_wconf 90' lang='grc'><strong>160</strong></span> 
     </span>
    </p>
   </div>
   <div class='ocr_carea' id='block_1_3' title="bbox 254 3101 1070 3233">
    <p class='ocr_par' dir='ltr' id='par_1_6' title="bbox 254 3101 1070 3233">
     <span class='ocr_line' id='line_1_35' title="bbox 254 3101 1059 3169; baseline -0.006 -13"><span class='ocrx_word' id='word_1_180' title='bbox 254 3103 264 3136; x_wconf 86' lang='lat'>¹</span> <span class='ocrx_word' id='word_1_181' title='bbox 287 3105 340 3156; x_wconf 68' lang='lat' dir='ltr'><strong>Tae</strong></span> <span class='ocrx_word' id='word_1_182' title='bbox 351 3105 535 3168; x_wconf 76' lang='lat' dir='ltr'><strong>transposition</strong></span> <span class='ocrx_word' id='word_1_183' title='bbox 546 3105 579 3169; x_wconf 84' lang='lat' dir='ltr'><strong>os</strong></span> <span class='ocrx_word' id='word_1_184' title='bbox 585 3106 612 3155; x_wconf 86' lang='lat' dir='ltr'><strong>ll.</strong></span> <span class='ocrx_word' id='word_1_185' title='bbox 627 3106 743 3164; x_wconf 73' lang='lat'><em>147-150</em></span> <span class='ocrx_word' id='word_1_186' title='bbox 753 3103 823 3166; x_wconf 80' lang='lat' dir='ltr'><strong>aster</strong></span> <span class='ocrx_word' id='word_1_187' title='bbox 833 3102 850 3152; x_wconf 84' lang='lat' dir='ltr'><strong>l.</strong></span> <span class='ocrx_word' id='word_1_188' title='bbox 864 3105 915 3163; x_wconf 64' lang='lat'><strong>142</strong></span> <span class='ocrx_word' id='word_1_189' title='bbox 925 3102 948 3152; x_wconf 81' lang='lat' dir='ltr'><strong>ia</strong></span> <span class='ocrx_word' id='word_1_190' title='bbox 959 3101 1039 3152; x_wconf 82' lang='lat' dir='ltr'><strong>Leo&#39;a</strong></span> <span class='ocrx_word' id='word_1_191' title='bbox 1056 3126 1059 3132; x_wconf 85' lang='lat'><strong>·</strong></span> 
     </span>
     <span class='ocr_line' id='line_1_36' title="bbox 255 3166 1070 3233; baseline -0.009 -10"><span class='ocrx_word' id='word_1_192' title='bbox 255 3169 267 3201; x_wconf 76' lang='lat'><strong>²</strong></span> <span class='ocrx_word' id='word_1_193' title='bbox 283 3170 318 3222; x_wconf 78' lang='lat' dir='ltr'><strong>So</strong></span> <span class='ocrx_word' id='word_1_194' title='bbox 330 3171 470 3233; x_wconf 78' lang='lat' dir='ltr'><strong>Avaatiaa,</strong></span> <span class='ocrx_word' id='word_1_195' title='bbox 483 3171 544 3222; x_wconf 79' lang='lat' dir='ltr'><strong>with</strong></span> <span class='ocrx_word' id='word_1_196' title='bbox 555 3188 574 3221; x_wconf 85' lang='lat' dir='ltr'><strong>a</strong></span> <span class='ocrx_word' id='word_1_197' title='bbox 583 3187 593 3221; x_wconf 88' lang='lat'><strong>.·</strong></span> <span class='ocrx_word' id='word_1_198' title='bbox 609 3174 699 3221; x_wconf 76' lang='lat' dir='ltr'><strong>casata</strong></span> <span class='ocrx_word' id='word_1_199' title='bbox 709 3167 733 3220; x_wconf 79' lang='lat' dir='ltr'><em>A</em></span> <span class='ocrx_word' id='word_1_200' title='bbox 746 3184 755 3219; x_wconf 90' lang='lat'><strong>.·</strong></span> <span class='ocrx_word' id='word_1_201' title='bbox 771 3169 825 3219; x_wconf 86' lang='lat' dir='ltr'><strong>Leo</strong></span> <span class='ocrx_word' id='word_1_202' title='bbox 835 3168 952 3233; x_wconf 80' lang='lat' dir='ltr'><strong>Caspias,</strong></span> <span class='ocrx_word' id='word_1_203' title='bbox 966 3166 1026 3217; x_wconf 70' lang='lat' dir='ltr'><strong>aaa</strong></span> <span class='ocrx_word' id='word_1_204' title='bbox 1038 3166 1070 3217; x_wconf 71' lang='lat' dir='ltr'><strong>Ill.</strong></span> 
     </span>
    </p>
   </div>
   <div class='ocr_carea' id='block_1_4' title="bbox 227 3251 283 3320">
    <p class='ocr_par' dir='ltr' id='par_1_7' title="bbox 227 3251 283 3320">
     <span class='ocr_line' id='line_1_37' title="bbox 227 3251 283 3320; baseline 0 0"><span class='ocrx_word' id='word_1_205' title='bbox 227 3251 283 3320; x_wconf 85' lang='lat'><strong>196</strong></span> 
     </span>
    </p>
   </div>
   <div class='ocr_carea' id='block_1_5' title="bbox 0 0 1277 3840">
    <p class='ocr_par' dir='ltr' id='par_1_8' title="bbox 0 0 1277 3840">
     <span class='ocr_line' id='line_1_38' title="bbox 0 0 1277 3840; baseline 0 0"><span class='ocrx_word' id='word_1_206' title='bbox 0 0 1277 3840; x_wconf 95' lang='lat' dir='ltr'><strong> </strong></span> 
     </span>
    </p>
   </div>
  </div>
 </body>
</html>
