2538 3846
361 279 450 337 THE
478 279 717 338 TRAGEDIES
746 280 800 339 OF
828 280 990 339 SENECA

145 398 202 451 ‘ar
218 395 299 453 ultra
313 395 409 453 Getas
423 402 557 452 metatur
571 403 604 453 et
619 394 745 453 Parthos
759 416 833 473 ager
845 415 852 465 ;
930 420 961 441 w
971 412 1042 441 „M

218 485 363 535 uenture
378 476 505 534 colimur
518 496 576 533 nec
590 496 676 534 meae
691 476 812 535 excluso
828 477 899 535 Iove

218 566 366 617 ornantur
378 577 466 627 arae3
488 557 571 616 nulla
586 557 766 615 culminibus
779 562 855 616 meis
960 588 987 611 ω
1034 584 1060 599 1*

218 644 360 717 imposita
374 647 465 697 nutat
479 639 552 697 silva
566 658 624 696 nec
638 639 758 697 fumant
771 661 862 697 mauu

218 718 364 779 succensa
377 715 480 779 multa
488 723 596 797 stagna
610 740 667 778 uec
682 740 786 778 somno
799 721 865 779 dies

220 801 401 880 Bacchoque
415 822 475 859 uox
489 801 645 876 iungenda
658 802 797 878 pervigili
810 802 919 861 datur:

220 883 276 942 sed
290 902 352 941 non
366 888 519 954 timemur,
534 891 603 941 tuta
617 886 681 940 sine
696 883 759 940 telo
773 892 821 942 est
834 884 942 942 domus

219 966 371 1043 rebusque
385 969 484 1042 parvis
498 984 609 1041 magna
623 972 793 1041 praestatur
807 970 900 1043 quies.

219 1049 352 1105 immane
366 1066 496 1123 regnum
510 1053 558 1105 est
572 1065 659 1123 posse
674 1049 738 1104 siue
753 1066 847 1124 regno
861 1051 933 1123 pati.
1067 1050 1129 1108 470

600 1204 749 1243 TANTALvs

262 1276 327 1335 Nec
341 1276 550 1347 abnuendum,
564 1279 588 1333 si
602 1275 656 1334 dat
670 1279 829 1352 imperium
843 1277 928 1350 deus,

220 1377 278 1416 nec
292 1355 502 1436 appetendum
516 1365 583 1426 est;
603 1357 698 1415 frater
712 1365 747 1415 ut
760 1377 871 1435 regnes
884 1367 981 1437 rogat.

600 1524 749 1565 rurus-rra

264 1594 385 1672 Rogat?
425 1593 597 1653 timendum
611 1604 666 1654 est.
709 1606 790 1656 errat
803 1597 853 1655 hic
866 1598 975 1677 aliquis
988 1599 1084 1658 dolus

601 1768 750 1809 Taurauvs

264 1840 374 1902 Redire
389 1845 487 1920 pietas
501 1840 583 1898 uude
598 1841 737 1899 submota
751 1850 798 1900 est
812 1842 891 1901 solet

220 1931 403 2003 reparatque
417 1926 496 1981 vires
510 1926 607 1981 iustus
621 1926 743 1982 amissas
756 1944 847 1994 amur.

601 2097 751 2138 ‘ruimus

262 2169 357 2228 Amat
370 2168 527 2246 Thyesten
541 2167 656 2227 frater?
697 2170 848 2229 aetherias
862 2176 945 2250 prius

220 2250 388 2329 perfundet
401 2250 512 2308 Arctos
525 2256 637 2327 pontus
651 2257 684 2309 et
692 2251 790 2331 §iculi
803 2272 895 2331 rapax

221 2336 368 2392 consistet
380 2323 483 2391 aestuis
497 2328 579 2389 andi
594 2339 628 2390 et
642 2331 727 2390 Ionio
741 2353 830 2411 seges

219 2422 339 2474 mature
353 2413 463 2493 pelago
477 2421 583 2489 surget
597 2421 630 2472 et
644 2413 743 2473 lucem
758 2415 844 2474 dabit

220 2516 281 2554 nox
295 2504 361 2554 atra
374 2499 473 2565 terris,
487 2502 560 2553 aute
575 2514 643 2553 cum
658 2494 784 2555 flammis
797 2517 903 2575 aquae,
1068 2507 1131 2559 480

220 2597 290 2635 cum
303 2585 403 2636 morte
417 2580 490 2645 vita,
505 2595 574 2634 cum
588 2580 663 2635 mari
677 2586 787 2637 ventus
802 2579 894 2637 fidem

220 2657 388 2736 foedusque
403 2662 543 2735 iungena

599 2765 749 2806 riurarvs

547 2836 647 2909 Quam
660 2846 765 2896 tamen
779 2838 918 2898 fraudem
932 2843 1047 2899 times?

600 2997 750 3037 rurestri

263 3067 396 3127 Omnem
407 3085 415 3135 ;
436 3069 537 3125 timori
550 3086 643 3145 quem
655 3087 725 3127 meo
739 3077 872 3128 statuam
886 3072 1033 3130 modum?

221 3155 343 3208 tantum
358 3155 461 3227 potest
474 3156 622 3227 quantum
637 3148 710 3208 odit.

226 3253 282 3305 130

1253 1494 1255 1569 i
