2544 3862
373 306 462 363 THE
490 304 730 364 TRAGEDIES
758 306 812 363 OF
839 304 1001 363 SENECA

615 466 755 503 sumtus

275 555 401 631 Regina,
415 554 488 611 dum
502 562 537 611 tu
551 553 667 611 flebiles
681 561 806 630 questus
821 558 882 611 cies

232 650 366 722 terisque
381 652 513 720 tempus,
527 663 617 701 saeva
630 643 753 701 nudatis
767 644 856 701 adest

232 740 311 791 acies
325 738 357 790 in
371 737 479 801 armis3
500 754 571 791 aera
585 739 645 791 iam
659 733 775 792 bellum
789 738 873 792 cient

232 823 391 901 aquilaque
405 843 540 900 pugnam
554 824 682 901 signifer
695 833 779 882 mota
792 832 880 881 vocat
892 844 900 891 3
1078 829 1138 888 390

232 922 359 990 septena
372 934 461 990 reges
474 914 556 971 bella
570 914 709 991 dispositi
723 923 841 991 parant,

231 1007 332 1059 animo
347 1007 411 1080 pari
425 1002 558 1061 Cadmea
571 1008 732 1080 progenies
747 1004 838 1072 subit,

232 1113 321 1151 cursu
335 1097 429 1151 citato
442 1092 531 1150 miles
544 1092 616 1148 hine
629 1099 721 1169 atque
736 1091 808 1148 hine
822 1096 890 1149 ruit.

232 1183 324 1241 viden
335 1186 347 1240 i
389 1191 456 1240 atra
469 1183 565 1239 nubes
580 1181 704 1257 pulvere
719 1182 878 1240 abscondit
891 1183 974 1240 diem

232 1273 377 1351 fumoque
391 1273 504 1330 similes
518 1291 641 1348 campus
655 1275 687 1328 in
701 1272 818 1329 eaelum
833 1276 924 1348 erigit

232 1363 369 1433 nebulas,
384 1367 519 1439 equestri
534 1361 631 1419 fracta
645 1382 719 1438 quas
734 1361 826 1420 tellus
840 1362 920 1438 pede

232 1456 397 1511 summittit
411 1459 454 1522 et,
468 1455 492 1508 si
507 1470 577 1508 vera
591 1459 766 1510 metuentes
781 1451 897 1523 vident,

232 1541 345 1599 infesta
358 1540 480 1616 fulgent
494 1544 589 1615 signa,
604 1542 751 1597 subrectis
765 1539 854 1598 adest

231 1630 315 1688 frons
329 1634 426 1707 prima
439 1629 519 1701 telis,
533 1649 625 1687 aurea
638 1629 752 1686 clarum
766 1638 840 1687 nota

232 1740 344 1778 nomen
359 1720 471 1776 ducum
485 1720 596 1777 vexilla
609 1724 829 1796 praescriptum
840 1719 951 1778 femnt.
1077 1727 1137 1776 400

233 1815 252 1881 i,
267 1809 362 1868 redde
377 1829 510 1867 amorem
525 1809 679 1881 fratribuS,
694 1829 800 1886 pacem
815 1812 963 1881 omnibus,

233 1908 266 1959 et
280 1904 372 1977 impia
385 1920 468 1957 arma
481 1905 586 1963 matris
600 1905 740 1978 oppositu
755 1901 878 1977 impedi.

607 2090 759 2130 ANTIGONA

275 2177 383 2255 Perge,
397 2198 415 2234 0
428 2198 548 2255 parens,
563 2198 657 2255 perge
673 2187 705 2236 et
719 2182 779 2236 cita
793 2180 925 2237 celerem
940 2180 1077 2257 gradum,

233 2287 391 2345 compesce
404 2267 476 2338 tela,
492 2267 635 2326 fratribus
649 2267 763 2325 ferrum
778 2278 899 2340 excute,

232 2357 349 2415 nudum
363 2362 444 2415 inter
458 2377 546 2415 enses
561 2367 669 2434 peetus
683 2357 810 2417 infestos
824 2361 918 2416 tene!

232 2455 286 2505 aut
300 2448 382 2506 solve
396 2448 521 2518 bellurn,
535 2456 644 2520 mater,
657 2456 711 2506 aut
726 2452 822 2524 prima
836 2453 951 2524 excipe.

625 2636 744 2675 locAsTA

274 2724 339 2796 Ibo,
353 2724 403 2781 ibo
418 2731 451 2782 et
464 2729 554 2782 armis
568 2726 689 2782 obvium
703 2745 855 2802 opponam
869 2733 970 2801 caput,

232 2814 318 2872 stabo
333 2817 414 2872 inter
427 2834 527 2884 arma3
548 2822 654 2891 petere
670 2819 721 2892 qui
736 2814 862 2872 fratrem
881 2814 973 2885 volet,

232 2912 319 2981 petat
333 2913 405 2962 ante
420 2913 557 2963 matrem.
601 2905 674 2976 tela,
689 2909 741 2982 qui
755 2904 848 2962 fuerit
862 2909 939 2981 piuS,

232 3001 359 3069 rogante
374 3003 468 3071 ponat
482 3003 579 3052 matre
592 3014 600 3063 3
620 2999 672 3072 qui
687 3014 749 3052 non
764 3003 811 3052 est
825 2999 892 3073 pius
1077 3003 1136 3051 410

232 3087 358 3160 incipiat
371 3104 389 3140 a
402 3105 460 3141 me.
504 3084 635 3142 fervidos
650 3089 774 3142 iuvenes
788 3105 863 3142 anus

232 3175 355 3245 tenebo,
369 3174 487 3232 nullum
501 3183 583 3233 teste
598 3195 647 3232 me
663 3175 717 3232 fiet
731 3173 816 3232 nefas
831 3194 838 3244 ;

231 3269 290 3333 376
