2538 3846
324 290 331 299 ’
371 290 459 348 ΤΗΕ
488 290 727 349 TRAGEDIES
756 291 811 349 OF
840 290 1000 349 SENECA
1087 281 1089 287 '

232 406 313 482 quod
328 414 452 481 superet
466 405 574 463 illum?
616 406 764 482 numquid
778 408 915 465 abiectus
929 408 1030 464 iacet?

232 487 380 563 numquid
396 487 536 545 secundis
550 491 665 563 patitur
679 491 709 544 in
725 490 815 546 rebus
829 488 964 559 modum,

231 567 319 624 fessis
333 571 492 644 quietem?
534 574 604 625 novi
619 589 677 645 ego
691 573 848 646 ingenium
865 574 920 627 viri

232 648 363 706 indocile
376 669 383 717 3
404 649 485 707 flecti
500 670 561 707 non
576 650 818 727 potest-frangi
833 660 943 727 potest.
1077 657 1136 708 200

231 730 359 805 proinde
373 739 537 807 antequam
551 751 583 789 se
598 731 697 789 firmat
710 741 764 790 aut
778 737 855 790 vires
869 740 965 809 parat,
1195 730 1198 731 ⁷

232 819 355 886 petatur
369 811 459 882 ultro,
474 832 513 870 ne
528 817 737 889 quiescentem
756 822 850 890 petat.

231 899 286 949 aut
299 892 409 968 perdet
423 902 476 951 aut
489 896 602 970 peribit
614 915 621 963 ;
643 899 674 951 in
688 895 791 954 medio
805 904 852 954 est
866 895 965 953 scelus

231 978 364 1050 positum
378 980 547 1052 occupanti.

617 1100 756 1139 SATELLES

558 1174 649 1246 Fama
662 1197 694 1247 te
710 1189 814 1266 populi
828 1189 905 1247 nihil

230 1270 356 1328 adversa
370 1271 487 1328 terret?
754 1338 766 1349 s

627 1387 737 1426 nunnus

490 1474 657 1530 Maximum
671 1474 729 1531 hoc
743 1478 831 1550 regni
845 1476 959 1532 bonum
974 1483 1031 1546 est,

231 1554 311 1630 quod
326 1553 407 1610 facta
421 1553 536 1610 domini
551 1550 813 1632 cogiturspopulus
828 1561 874 1613 sui

231 1643 295 1692 tam
309 1634 388 1692 ferre
404 1654 494 1710 quam
508 1635 640 1693 laudare.
661 1667 664 1671 ·

615 1828 753 1866 SATELLES

644 1916 728 1989 Quos
744 1920 826 1994 cogit
839 1925 940 1975 metus

230 1976 364 2069 laudare,
379 2000 502 2056 eosdem
517 1998 618 2056 reddit
632 2002 769 2056 inimicos
782 2007 891 2056 metus.

230 2087 263 2136 at
277 2084 329 2156 qui
343 2079 451 2138 favoris
465 2080 592 2157 gloriam
605 2085 669 2138 veri
682 2083 773 2156 petit,

231 2164 332 2217 animo
345 2165 442 2237 magis
456 2182 546 2238 quarn
560 2181 633 2218 voce
647 2161 764 2218 laudari
778 2162 869 2219 volet.

627 2352 737 2393 ATnEvs

273 2438 352 2497 Laus
366 2460 437 2497 vera
452 2448 484 2499 et
498 2439 606 2498 humili
621 2461 711 2518 saepe
727 2444 879 2514 contingit
893 2444 965 2509 viro,

232 2540 293 2577 non
308 2526 366 2578 nisi
380 2526 500 2598 potenti
514 2521 596 2580 falsa.
640 2523 722 2600 quod
736 2521 846 2579 nolunt
859 2519 964 2577 velint.

614 2709 753 2748 saunitas

275 2798 337 2856 Rex
352 2799 428 2857 velit
443 2798 589 2857 honesta:
610 2819 701 2856 nemo
716 2818 777 2854 non
793 2796 900 2854 eadem
914 2796 1004 2854 volet.

628 2989 738 3028 Annuus

168 3097 175 3109 ’
274 3080 462 3155 Vbicumque
476 3086 597 3137 tantum
612 3077 740 3136 honesta
753 3077 923 3135 dominanti
936 3077 1040 3147 licent,

231 3164 366 3237 precario
379 3167 533 3236 regnatur.

234 3256 292 3316 106
