2544 3840
369 303 458 361 THE
485 303 724 362 TRAGEDIES
754 305 808 363 OF
838 304 1000 363 SENECA

230 439 340 477 nurum
354 419 523 481 scelestam.
569 441 627 478 nec
640 421 700 478 levi
714 421 778 478 telo
791 441 899 478 manus

229 517 380 579 armetur3
401 511 476 569 illud
492 513 609 571 fulmen
624 511 728 569 exiliat
741 510 821 587 polo,

230 621 299 677 qno,
314 605 370 657 nisi
385 599 493 660 fuisset
508 609 630 681 genitus
645 601 769 658 Alcides
783 602 851 672 tibi,
1076 606 1135 659 850

229 689 357 766 hydram
371 710 541 752 cremasses.
584 700 704 770 pestem
718 699 753 748 ut
767 690 920 748 insolitam
935 690 992 748 feri

230 788 263 838 et
277 788 312 837 ut
326 800 454 839 noverca
469 788 568 860 potius
583 787 660 841 irata
673 781 794 838 malum.

230 874 338 928 emitte
352 871 449 929 telum
463 873 553 950 quale
567 877 599 929 in
613 879 766 930 errantem
781 874 862 947 prius

232 959 424 1019 Phaethonta
437 967 562 1021 missum
577 971 642 1021 est:
664 960 784 1038 perdidi
799 965 832 1016 in
846 960 909 1017 solo
928 959 1063 1018 Hercule

231 1057 263 1107 et
276 1053 342 1126 ipsa
354 1052 490 1127 populos.

451 1186 455 1197 .
493 1143 575 1215 Quid
590 1161 676 1219 rogas
690 1141 788 1198 telum
801 1141 899 1199 deos?

229 1233 289 1286 iam
303 1250 392 1307 parce
406 1251 528 1302 socem3
549 1237 710 1309 coniugem
724 1230 851 1289 Alcidae
862 1251 971 1289 necem

229 1327 335 1395 optare
349 1319 482 1397 pudeat3
503 1322 578 1381 haec
593 1326 651 1380 erit
665 1328 736 1379 voto
749 1341 867 1393 manuS,

228 1427 246 1463 a
260 1428 309 1465 me
323 1417 464 1484 petatur3
485 1431 599 1489 occupa
612 1411 726 1469 ferrum
740 1413 830 1468 ocius

229 1517 282 1553 cur
296 1497 408 1556 deinde
420 1499 555 1558 ferrum?
596 1500 743 1578 quidquid
757 1500 796 1557 ad
811 1508 941 1558 mortem
954 1499 1052 1559 trahit

229 1587 326 1643 telum
341 1595 389 1645 est
402 1589 640 1666 abunde-rupe
655 1591 693 1646 ab
707 1588 844 1647 aetheria
860 1589 948 1647 ferar.
1074 1585 1134 1647 860

230 1675 314 1747 haec,
327 1676 403 1734 haec
417 1686 557 1736 renatum
571 1684 667 1756 prima
682 1699 759 1756 quae
773 1683 871 1756 poscit
886 1679 980 1751 diem,

229 1766 310 1824 Oeta
324 1766 464 1843 eligatur,
478 1788 586 1845 corpus
600 1769 671 1827 hinc
684 1774 766 1826 mitti
777 1769 887 1845 placet.

227 1857 357 1933 abrupta
370 1866 474 1916 cautes
489 1860 608 1917 scindat
622 1867 655 1917 et
668 1866 787 1935 partem
801 1863 862 1916 mei

227 1945 307 2004 ferat
320 1966 411 2005 omne
426 1968 541 2020 saxum,
554 1949 711 2026 pendeant
725 1948 841 2006 lacerae
855 1968 962 2006 manus

228 2044 389 2114 totumque
403 2040 511 2097 rubeat
524 2044 623 2116 asperi
636 2044 748 2097 montis
759 2038 846 2098 latus.

227 2126 302 2184 levis
317 2147 376 2184 una
390 2148 470 2185 mors
484 2129 668 2186 est-levis?
699 2137 743 2186 at
757 2128 883 2185 extendi
897 2135 1008 2205 potest.

229 2216 343 2292 eligere
357 2222 464 2289 nescis,
479 2223 589 2289 anime,
605 2222 653 2275 cui
667 2218 731 2275 telo
745 2218 890 2286 incubes;

227 2310 345 2363 utinam
359 2315 449 2378 esset,
463 2312 580 2366 utinam
595 2307 670 2364 fixus
684 2311 717 2364 in
730 2307 872 2365 thalamis
886 2310 961 2364 meis

229 2395 401 2454 Herculeus
416 2399 512 2454 ensis!
555 2397 626 2454 huic
639 2397 731 2456 decet
744 2397 825 2455 ferro
839 2401 957 2455 inmoti.

226 2505 288 2542 una
302 2491 400 2562 perire
415 2486 541 2545 dextera
555 2489 641 2545 nobis
656 2496 703 2545 sat
717 2489 785 2545 est?
1072 2489 1131 2547 870

227 2578 316 2646 coite,
330 2585 450 2652 gentes,
464 2597 534 2634 saxa
549 2584 581 2634 et
595 2582 756 2635 immensas
770 2575 851 2634 faces

227 2665 375 2723 iaculetur
389 2668 478 2736 orbis,
493 2667 577 2725 nulla
590 2688 672 2726 nunc
688 2675 787 2725 cesset
802 2685 918 2737 manus,

228 2758 369 2831 corripite
383 2756 454 2827 tela,
469 2757 622 2814 vindicem
636 2765 770 2815 vestrum
784 2754 903 2813 abstuli.

227 2847 351 2921 impune
366 2851 447 2903 saevi
460 2855 579 2924 sceptra
593 2852 653 2904 iam
667 2866 755 2922 reges
769 2852 888 2922 gerent,

227 2938 351 3012 impune
366 2940 425 2993 iam
439 2945 581 2995 nascetur
594 2937 776 2995 indomitum
790 2934 922 3003 malum3

227 3035 407 3103 repetentur
420 3047 491 3085 arae
506 3047 631 3085 cernere
645 3034 783 3085 assuetae
797 3025 928 3083 hostiam

227 3117 357 3174 similem
371 3117 492 3176 colenti.
535 3116 772 3175 sceleribus‘feci
789 3120 867 3172 viam
880 3135 888 3184 ;

229 3266 287 3315 ‘254
