<?xml version="1.0" encoding="UTF-8"?>
<!DOCTYPE html PUBLIC "-//W3C//DTD XHTML 1.0 Transitional//EN"
    "http://www.w3.org/TR/xhtml1/DTD/xhtml1-transitional.dtd">
<html xmlns="http://www.w3.org/1999/xhtml" xml:lang="en" lang="en">
 <head>
  <title>
</title>
<meta http-equiv="Content-Type" content="text/html;charset=utf-8" />
  <meta name='ocr-system' content='tesseract 3.04.00' />
  <meta name='ocr-capabilities' content='ocr_page ocr_carea ocr_par ocr_line ocrx_word'/>
</head>
<body>
  <div class='ocr_page' id='page_1' title='image "./senecastragedie01millgoog_0455.png"; bbox 0 0 2544 3862; ppageno 0'>
   <div class='ocr_carea' id='block_1_1' title="bbox 305 294 1006 2926">
    <p class='ocr_par' dir='ltr' id='par_1_1' title="bbox 379 294 1006 1559">
     <span class='ocr_line' id='line_1_1' title="bbox 379 294 1005 366; baseline 0.002 -2"><span class='ocrx_word' id='word_1_1' title='bbox 379 294 468 365; x_wconf 84' lang='lat' dir='ltr'><strong>THE</strong></span> <span class='ocrx_word' id='word_1_2' title='bbox 495 304 734 365; x_wconf 81' lang='lat' dir='ltr'><strong>TRAGEDlES</strong></span> <span class='ocrx_word' id='word_1_3' title='bbox 762 306 817 366; x_wconf 86' lang='lat' dir='ltr'><strong>OF</strong></span> <span class='ocrx_word' id='word_1_4' title='bbox 844 306 1005 366; x_wconf 79' lang='lat' dir='ltr'><strong>SENECA</strong></span> 
     </span>
     <span class='ocr_line' id='line_1_2' title="bbox 441 421 930 500; baseline 0.002 -21"><span class='ocrx_word' id='word_1_5' title='bbox 441 422 568 480; x_wconf 85' lang='lat' dir='ltr'><strong>Feriunt</strong></span> <span class='ocrx_word' id='word_1_6' title='bbox 581 423 690 481; x_wconf 85' lang='lat' dir='ltr'><strong>fluctus</strong></span> <span class='ocrx_word' id='word_1_7' title='bbox 703 443 754 479; x_wconf 92' lang='lat' dir='ltr'><strong>ora</strong></span> <span class='ocrx_word' id='word_1_8' title='bbox 767 421 930 500; x_wconf 89' lang='lat' dir='ltr'><strong>loquentis,</strong></span> 
     </span>
     <span class='ocr_line' id='line_1_3' title="bbox 401 503 919 582; baseline 0.002 -21"><span class='ocrx_word' id='word_1_9' title='bbox 401 508 463 562; x_wconf 88' lang='lat' dir='ltr'><strong>ruit</strong></span> <span class='ocrx_word' id='word_1_10' title='bbox 476 508 509 561; x_wconf 91' lang='lat' dir='ltr'><strong>in</strong></span> <span class='ocrx_word' id='word_1_11' title='bbox 522 503 649 582; x_wconf 84' lang='lat' dir='ltr'><strong>pelagus</strong></span> <span class='ocrx_word' id='word_1_12' title='bbox 662 523 841 582; x_wconf 90' lang='lat' dir='ltr'><strong>rursumque</strong></span> <span class='ocrx_word' id='word_1_13' title='bbox 855 503 919 562; x_wconf 86' lang='lat' dir='ltr'><strong>salo</strong></span> 
     </span>
     <span class='ocr_line' id='line_1_4' title="bbox 400 586 882 664; baseline 0.002 -22"><span class='ocrx_word' id='word_1_14' title='bbox 400 605 503 662; x_wconf 88' lang='lat' dir='ltr'><strong>pressa</strong></span> <span class='ocrx_word' id='word_1_15' title='bbox 516 591 657 663; x_wconf 83' lang='lat' dir='ltr'><strong>resurgit,</strong></span> <span class='ocrx_word' id='word_1_16' title='bbox 672 586 761 663; x_wconf 89' lang='lat' dir='ltr'><strong>pellit</strong></span> <span class='ocrx_word' id='word_1_17' title='bbox 774 586 882 664; x_wconf 91' lang='lat' dir='ltr'><strong>palmis</strong></span> 
     </span>
     <span class='ocr_line' id='line_1_5' title="bbox 400 667 893 744; baseline 0.006 -21"><span class='ocrx_word' id='word_1_18' title='bbox 400 675 531 744; x_wconf 84' lang='lat' dir='ltr'><strong>cogente</strong></span> <span class='ocrx_word' id='word_1_19' title='bbox 544 676 629 726; x_wconf 91' lang='lat' dir='ltr'><strong>metu</strong></span> <span class='ocrx_word' id='word_1_20' title='bbox 644 667 733 740; x_wconf 85' lang='lat' dir='ltr'><strong>freta,</strong></span> <span class='ocrx_word' id='word_1_21' title='bbox 747 676 795 726; x_wconf 86' lang='lat' dir='ltr'><strong>set</strong></span> <span class='ocrx_word' id='word_1_22' title='bbox 809 667 893 726; x_wconf 83' lang='lat' dir='ltr'><strong>cedit</strong></span> 
     </span>
     <span class='ocr_line' id='line_1_6' title="bbox 399 747 864 808; baseline 0.002 -4"><span class='ocrx_word' id='word_1_23' title='bbox 399 747 479 805; x_wconf 86' lang='lat' dir='ltr'><strong>fessa</strong></span> <span class='ocrx_word' id='word_1_24' title='bbox 492 748 595 807; x_wconf 88' lang='lat' dir='ltr'><strong>labori.</strong></span> <span class='ocrx_word' id='word_1_25' title='bbox 637 754 750 808; x_wconf 87' lang='lat' dir='ltr'><strong>mansit</strong></span> <span class='ocrx_word' id='word_1_26' title='bbox 763 753 864 807; x_wconf 85' lang='lat' dir='ltr'><strong>tacitis</strong></span> 
     </span>
     <span class='ocr_line' id='line_1_7' title="bbox 400 832 829 908; baseline 0.012 -24"><span class='ocrx_word' id='word_1_27' title='bbox 400 832 432 885; x_wconf 93' lang='lat' dir='ltr'><strong>in</strong></span> <span class='ocrx_word' id='word_1_28' title='bbox 446 832 619 906; x_wconf 85' lang='lat' dir='ltr'><strong>pectoribus</strong></span> <span class='ocrx_word' id='word_1_29' title='bbox 633 839 735 908; x_wconf 83' lang='lat' dir='ltr'><strong>spreta</strong></span> <span class='ocrx_word' id='word_1_30' title='bbox 748 834 829 889; x_wconf 90' lang='lat' dir='ltr'><strong>tristi</strong></span> 
     </span>
     <span class='ocr_line' id='line_1_8' title="bbox 399 911 954 971; baseline 0.005 -5"><span class='ocrx_word' id='word_1_31' title='bbox 399 914 459 967; x_wconf 86' lang='lat' dir='ltr'><strong>iam</strong></span> <span class='ocrx_word' id='word_1_32' title='bbox 473 920 572 970; x_wconf 87' lang='lat' dir='ltr'><strong>morte</strong></span> <span class='ocrx_word' id='word_1_33' title='bbox 585 912 668 971; x_wconf 80' lang='lat' dir='ltr'><strong>fides</strong></span> <span class='ocrx_word' id='word_1_34' title='bbox 710 912 800 970; x_wconf 89' lang='lat' dir='ltr'><strong>multi</strong></span> <span class='ocrx_word' id='word_1_35' title='bbox 813 911 954 970; x_wconf 75' lang='lat' dir='ltr'><strong>dominae</strong></span> 
     </span>
     <span class='ocr_line' id='line_1_9' title="bbox 400 991 879 1071; baseline 0.004 -21"><span class='ocrx_word' id='word_1_36' title='bbox 400 991 480 1051; x_wconf 85' lang='lat' dir='ltr'><strong>ferre</strong></span> <span class='ocrx_word' id='word_1_37' title='bbox 493 993 639 1052; x_wconf 82' lang='lat' dir='ltr'><strong>auxilium</strong></span> <span class='ocrx_word' id='word_1_38' title='bbox 652 994 762 1071; x_wconf 83' lang='lat' dir='ltr'><strong>pelago</strong></span> <span class='ocrx_word' id='word_1_39' title='bbox 775 993 879 1052; x_wconf 85' lang='lat' dir='ltr'><strong>fractis</strong></span> 
     </span>
     <span class='ocr_line' id='line_1_10' title="bbox 399 1074 953 1153; baseline 0.005 -23"><span class='ocrx_word' id='word_1_40' title='bbox 399 1074 511 1132; x_wconf 90' lang='lat' dir='ltr'><strong>viribus</strong></span> <span class='ocrx_word' id='word_1_41' title='bbox 524 1075 650 1146; x_wconf 85' lang='lat' dir='ltr'><strong>audent,</strong></span> <span class='ocrx_word' id='word_1_42' title='bbox 664 1076 804 1133; x_wconf 89' lang='lat' dir='ltr'><strong>bracchia</strong></span> <span class='ocrx_word' id='word_1_43' title='bbox 818 1079 953 1153; x_wconf 82' lang='lat' dir='ltr'><strong>quamvis</strong></span> 
     </span>
     <span class='ocr_line' id='line_1_11' title="bbox 399 1150 936 1215; baseline 0.002 -3"><span class='ocrx_word' id='word_1_44' title='bbox 399 1150 484 1213; x_wconf 84' lang='lat' dir='ltr'><strong>lenta</strong></span> <span class='ocrx_word' id='word_1_45' title='bbox 497 1155 673 1214; x_wconf 80' lang='lat' dir='ltr'><strong>trahentem</strong></span> <span class='ocrx_word' id='word_1_46' title='bbox 686 1177 760 1215; x_wconf 88' lang='lat' dir='ltr'><strong>voce</strong></span> <span class='ocrx_word' id='word_1_47' title='bbox 774 1156 936 1215; x_wconf 78' lang='lat' dir='ltr'><strong>hortantur</strong></span> 
     </span>
     <span class='ocr_line' id='line_1_12' title="bbox 399 1238 1006 1316; baseline 0.002 -23"><span class='ocrx_word' id='word_1_48' title='bbox 399 1239 598 1315; x_wconf 85' lang='lat' dir='ltr'><strong>manibusque</strong></span> <span class='ocrx_word' id='word_1_49' title='bbox 612 1238 723 1296; x_wconf 89' lang='lat' dir='ltr'><strong>levant.</strong></span> <span class='ocrx_word' id='word_1_50' title='bbox 767 1238 841 1316; x_wconf 93' lang='lat' dir='ltr'><strong>quid</strong></span> <span class='ocrx_word' id='word_1_51' title='bbox 854 1239 911 1296; x_wconf 86' lang='lat' dir='ltr'><strong>tibi</strong></span> <span class='ocrx_word' id='word_1_52' title='bbox 924 1241 1006 1295; x_wconf 89' lang='lat' dir='ltr'><strong>saevi</strong></span> 
     </span>
     <span class='ocr_line' id='line_1_13' title="bbox 399 1317 878 1397; baseline 0.004 -23"><span class='ocrx_word' id='word_1_53' title='bbox 399 1317 514 1394; x_wconf 87' lang='lat' dir='ltr'><strong>fugisse</strong></span> <span class='ocrx_word' id='word_1_54' title='bbox 527 1323 618 1377; x_wconf 89' lang='lat' dir='ltr'><strong>maris</strong></span> <span class='ocrx_word' id='word_1_55' title='bbox 630 1319 746 1397; x_wconf 86' lang='lat' dir='ltr'><strong>profuit</strong></span> <span class='ocrx_word' id='word_1_56' title='bbox 758 1320 854 1378; x_wconf 83' lang='lat' dir='ltr'><strong>undas</strong></span> <span class='ocrx_word' id='word_1_57' title='bbox 866 1321 878 1376; x_wconf 89' lang='lat'>?</span> 
     </span>
     <span class='ocr_line' id='line_1_14' title="bbox 398 1399 832 1473; baseline 0.005 -17"><span class='ocrx_word' id='word_1_58' title='bbox 398 1399 480 1472; x_wconf 86' lang='lat' dir='ltr'><strong>ferro</strong></span> <span class='ocrx_word' id='word_1_59' title='bbox 493 1419 526 1457; x_wconf 89' lang='lat' dir='ltr'><strong>es</strong></span> <span class='ocrx_word' id='word_1_60' title='bbox 539 1405 605 1458; x_wconf 88' lang='lat' dir='ltr'><strong>nati</strong></span> <span class='ocrx_word' id='word_1_61' title='bbox 618 1406 764 1460; x_wconf 86' lang='lat' dir='ltr'><strong>moritura</strong></span> <span class='ocrx_word' id='word_1_62' title='bbox 776 1407 832 1473; x_wconf 88' lang='lat' dir='ltr'><strong>tui,</strong></span> 
     </span>
     <span class='ocr_line' id='line_1_15' title="bbox 399 1480 864 1559; baseline 0.009 -22"><span class='ocrx_word' id='word_1_63' title='bbox 399 1484 484 1538; x_wconf 89' lang='lat' dir='ltr'><strong>cuius</strong></span> <span class='ocrx_word' id='word_1_64' title='bbox 497 1480 614 1540; x_wconf 87' lang='lat' dir='ltr'><strong>facinus</strong></span> <span class='ocrx_word' id='word_1_65' title='bbox 628 1487 678 1540; x_wconf 83' lang='lat' dir='ltr'><strong>vix</strong></span> <span class='ocrx_word' id='word_1_66' title='bbox 691 1488 864 1559; x_wconf 82' lang='lat' dir='ltr'><strong>posteritas,</strong></span> 
     </span>
    </p>

    <p class='ocr_par' dir='ltr' id='par_1_2' title="bbox 305 1550 975 2437">
     <span class='ocr_line' id='line_1_16' title="bbox 305 1550 902 1640; baseline 0.012 -22"><span class='ocrx_word' id='word_1_67' title='bbox 305 1550 309 1561; x_wconf 81' lang='grc'>’</span> <span class='ocrx_word' id='word_1_68' title='bbox 399 1561 486 1619; x_wconf 85' lang='lat' dir='ltr'><strong>tarde</strong></span> <span class='ocrx_word' id='word_1_69' title='bbox 500 1581 621 1640; x_wconf 85' lang='lat' dir='ltr'><strong>semper</strong></span> <span class='ocrx_word' id='word_1_70' title='bbox 634 1563 753 1622; x_wconf 87' lang='lat' dir='ltr'><strong>saecula</strong></span> <span class='ocrx_word' id='word_1_71' title='bbox 767 1565 902 1625; x_wconf 88' lang='lat' dir='ltr'><strong>credent.</strong></span> 
     </span>
     <span class='ocr_line' id='line_1_17' title="bbox 399 1640 908 1725; baseline 0.012 -27"><span class='ocrx_word' id='word_1_72' title='bbox 399 1640 474 1700; x_wconf 87' lang='lat' dir='ltr'><strong>furit</strong></span> <span class='ocrx_word' id='word_1_73' title='bbox 488 1652 625 1722; x_wconf 85' lang='lat' dir='ltr'><strong>ereptam</strong></span> <span class='ocrx_word' id='word_1_74' title='bbox 638 1644 808 1725; x_wconf 88' lang='lat' dir='ltr'><strong>pelagoque</strong></span> <span class='ocrx_word' id='word_1_75' title='bbox 823 1645 908 1705; x_wconf 89' lang='lat' dir='ltr'><strong>dolet</strong></span> 
     </span>
     <span class='ocr_line' id='line_1_18' title="bbox 400 1728 644 1784; baseline 0.008 -3"><span class='ocrx_word' id='word_1_76' title='bbox 400 1728 501 1783; x_wconf 88' lang='lat' dir='ltr'><strong>vivere</strong></span> <span class='ocrx_word' id='word_1_77' title='bbox 515 1734 644 1784; x_wconf 91' lang='lat' dir='ltr'><strong>matrem</strong></span> 
     </span>
     <span class='ocr_line' id='line_1_19' title="bbox 399 1807 970 1887; baseline 0.011 -24"><span class='ocrx_word' id='word_1_78' title='bbox 399 1807 518 1883; x_wconf 83' lang='lat' dir='ltr'><strong>impius,</strong></span> <span class='ocrx_word' id='word_1_79' title='bbox 532 1811 642 1885; x_wconf 87' lang='lat' dir='ltr'><strong>ingens</strong></span> <span class='ocrx_word' id='word_1_80' title='bbox 656 1813 853 1887; x_wconf 83' lang='lat' dir='ltr'><strong>geminatque</strong></span> <span class='ocrx_word' id='word_1_81' title='bbox 866 1807 970 1878; x_wconf 83' lang='lat' dir='ltr'><strong>nefas3</strong></span> 
     </span>
     <span class='ocr_line' id='line_1_20' title="bbox 399 1890 873 1967; baseline 0.011 -23"><span class='ocrx_word' id='word_1_82' title='bbox 399 1892 461 1946; x_wconf 89' lang='lat' dir='ltr'><strong>ruit</strong></span> <span class='ocrx_word' id='word_1_83' title='bbox 474 1893 505 1945; x_wconf 92' lang='lat' dir='ltr'><strong>in</strong></span> <span class='ocrx_word' id='word_1_84' title='bbox 520 1893 647 1948; x_wconf 89' lang='lat' dir='ltr'><strong>miserae</strong></span> <span class='ocrx_word' id='word_1_85' title='bbox 661 1890 725 1948; x_wconf 87' lang='lat' dir='ltr'><strong>fata</strong></span> <span class='ocrx_word' id='word_1_86' title='bbox 738 1895 873 1967; x_wconf 81' lang='lat' dir='ltr'><strong>parentis</strong></span> 
     </span>
     <span class='ocr_line' id='line_1_21' title="bbox 399 1970 975 2048; baseline 0.012 -23"><span class='ocrx_word' id='word_1_87' title='bbox 399 1973 575 2048; x_wconf 85' lang='lat' dir='ltr'><strong>patiturque</strong></span> <span class='ocrx_word' id='word_1_88' title='bbox 589 1990 704 2029; x_wconf 86' lang='lat' dir='ltr'><strong>moram</strong></span> <span class='ocrx_word' id='word_1_89' title='bbox 716 1972 839 2031; x_wconf 88' lang='lat' dir='ltr'><strong>sceleris</strong></span> <span class='ocrx_word' id='word_1_90' title='bbox 852 1970 975 2032; x_wconf 81' lang='lat' dir='ltr'><strong>nullam.</strong></span> 
     </span>
     <span class='ocr_line' id='line_1_22' title="bbox 398 2053 887 2128; baseline 0.012 -21"><span class='ocrx_word' id='word_1_91' title='bbox 398 2054 506 2109; x_wconf 83' lang='lat' dir='ltr'><strong>missus</strong></span> <span class='ocrx_word' id='word_1_92' title='bbox 519 2057 640 2128; x_wconf 88' lang='lat' dir='ltr'><strong>peragit</strong></span> <span class='ocrx_word' id='word_1_93' title='bbox 653 2056 732 2111; x_wconf 88' lang='lat' dir='ltr'><strong>iussa</strong></span> <span class='ocrx_word' id='word_1_94' title='bbox 746 2053 887 2124; x_wconf 82' lang='lat' dir='ltr'><strong>satelles3</strong></span> 
     </span>
     <span class='ocr_line' id='line_1_23' title="bbox 398 2131 907 2211; baseline 0.012 -24"><span class='ocrx_word' id='word_1_95' title='bbox 398 2140 513 2190; x_wconf 86' lang='lat' dir='ltr'><strong>reserat</strong></span> <span class='ocrx_word' id='word_1_96' title='bbox 526 2131 667 2192; x_wconf 90' lang='lat' dir='ltr'><strong>dominae</strong></span> <span class='ocrx_word' id='word_1_97' title='bbox 681 2144 806 2211; x_wconf 86' lang='lat' dir='ltr'><strong>pectora</strong></span> <span class='ocrx_word' id='word_1_98' title='bbox 819 2135 907 2193; x_wconf 80' lang='lat' dir='ltr'><strong>ferro</strong></span> 
     </span>
     <span class='ocr_line' id='line_1_24' title="bbox 399 2211 895 2275; baseline 0.012 -6"><span class='ocrx_word' id='word_1_99' title='bbox 399 2211 500 2270; x_wconf 90' lang='lat' dir='ltr'><strong>caedis</strong></span> <span class='ocrx_word' id='word_1_100' title='bbox 513 2219 644 2273; x_wconf 83' lang='lat' dir='ltr'><strong>moriens</strong></span> <span class='ocrx_word' id='word_1_101' title='bbox 658 2216 711 2273; x_wconf 90' lang='lat' dir='ltr'><strong>illa</strong></span> <span class='ocrx_word' id='word_1_102' title='bbox 724 2221 895 2275; x_wconf 79' lang='lat' dir='ltr'><strong>ministrum</strong></span> 
     </span>
     <span class='ocr_line' id='line_1_25' title="bbox 399 2294 832 2371; baseline 0.014 -20"><span class='ocrx_word' id='word_1_103' title='bbox 399 2303 486 2371; x_wconf 87' lang='lat' dir='ltr'><strong>rogat</strong></span> <span class='ocrx_word' id='word_1_104' title='bbox 500 2294 616 2368; x_wconf 84' lang='lat' dir='ltr'><strong>infelix,</strong></span> <span class='ocrx_word' id='word_1_105' title='bbox 631 2305 719 2355; x_wconf 91' lang='lat' dir='ltr'><strong>utero</strong></span> <span class='ocrx_word' id='word_1_106' title='bbox 733 2296 832 2357; x_wconf 87' lang='lat' dir='ltr'><strong>dirum</strong></span> 
     </span>
     <span class='ocr_line' id='line_1_26' title="bbox 399 2376 699 2437; baseline 0.017 -5"><span class='ocrx_word' id='word_1_107' title='bbox 399 2376 511 2435; x_wconf 85' lang='lat' dir='ltr'><strong>condat</strong></span> <span class='ocrx_word' id='word_1_108' title='bbox 525 2385 561 2435; x_wconf 82' lang='lat' dir='ltr'><strong>ut</strong></span> <span class='ocrx_word' id='word_1_109' title='bbox 574 2398 699 2437; x_wconf 91' lang='lat' dir='ltr'><strong>ensem:</strong></span> 
     </span>
    </p>

    <p class='ocr_par' dir='ltr' id='par_1_3' title="bbox 397 2457 959 2697">
     <span class='ocr_line' id='line_1_27' title="bbox 399 2457 937 2530; baseline 0.011 -16"><span class='ocrx_word' id='word_1_110' title='bbox 399 2463 418 2490; x_wconf 88' lang='lat'><strong>“</strong></span> <span class='ocrx_word' id='word_1_111' title='bbox 428 2457 478 2515; x_wconf 83' lang='lat' dir='ltr'><strong>hie</strong></span> <span class='ocrx_word' id='word_1_112' title='bbox 492 2467 550 2530; x_wconf 86' lang='lat' dir='ltr'><strong>est,</strong></span> <span class='ocrx_word' id='word_1_113' title='bbox 564 2458 614 2517; x_wconf 93' lang='lat' dir='ltr'><strong>hic</strong></span> <span class='ocrx_word' id='word_1_114' title='bbox 628 2469 676 2519; x_wconf 85' lang='lat' dir='ltr'><strong>eat</strong></span> <span class='ocrx_word' id='word_1_115' title='bbox 690 2460 852 2523; x_wconf 88' lang='lat' dir='ltr'><strong>fodiendus</strong></span> <span class='ocrx_word' id='word_1_116' title='bbox 861 2461 879 2481; x_wconf 86' lang='lat'><strong>”</strong></span> <span class='ocrx_word' id='word_1_117' title='bbox 893 2466 937 2521; x_wconf 82' lang='lat' dir='ltr'><strong>ait</strong></span> 
     </span>
     <span class='ocr_line' id='line_1_28' title="bbox 399 2536 959 2620; baseline 0.011 -24"><span class='ocrx_word' id='word_1_118' title='bbox 399 2545 418 2572; x_wconf 89' lang='lat'><em>“</em></span> <span class='ocrx_word' id='word_1_119' title='bbox 426 2538 516 2611; x_wconf 88' lang='lat' dir='ltr'><strong>ferro,</strong></span> <span class='ocrx_word' id='word_1_120' title='bbox 530 2549 699 2600; x_wconf 85' lang='lat' dir='ltr'><strong>monstrum</strong></span> <span class='ocrx_word' id='word_1_121' title='bbox 714 2547 765 2620; x_wconf 90' lang='lat' dir='ltr'><strong>qui</strong></span> <span class='ocrx_word' id='word_1_122' title='bbox 779 2543 841 2603; x_wconf 88' lang='lat' dir='ltr'><strong>tale</strong></span> <span class='ocrx_word' id='word_1_123' title='bbox 856 2536 959 2603; x_wconf 80' lang='lat' dir='ltr'><strong>tulit.’&#39;</strong></span> 
     </span>
     <span class='ocr_line' id='line_1_29' title="bbox 397 2620 679 2697; baseline 0.021 -21"><span class='ocrx_word' id='word_1_124' title='bbox 397 2629 467 2697; x_wconf 89' lang='lat' dir='ltr'><strong>post</strong></span> <span class='ocrx_word' id='word_1_125' title='bbox 481 2620 559 2680; x_wconf 88' lang='lat' dir='ltr'><strong>hanc</strong></span> <span class='ocrx_word' id='word_1_126' title='bbox 574 2643 679 2681; x_wconf 88' lang='lat' dir='ltr'><strong>vocem</strong></span> 
     </span>
    </p>

    <p class='ocr_par' dir='ltr' id='par_1_4' title="bbox 397 2705 949 2926">
     <span class='ocr_line' id='line_1_30' title="bbox 399 2705 897 2783; baseline 0.016 -27"><span class='ocrx_word' id='word_1_127' title='bbox 399 2705 526 2759; x_wconf 81' lang='lat' dir='ltr'><strong>mixtam</strong></span> <span class='ocrx_word' id='word_1_128' title='bbox 539 2709 657 2780; x_wconf 82' lang='lat' dir='ltr'><strong>gemitu</strong></span> <span class='ocrx_word' id='word_1_129' title='bbox 672 2726 742 2763; x_wconf 89' lang='lat' dir='ltr'><strong>cum</strong></span> <span class='ocrx_word' id='word_1_130' title='bbox 756 2725 897 2783; x_wconf 89' lang='lat' dir='ltr'><strong>supremo</strong></span> 
     </span>
     <span class='ocr_line' id='line_1_31' title="bbox 397 2786 949 2864; baseline 0.011 -24"><span class='ocrx_word' id='word_1_131' title='bbox 397 2787 529 2842; x_wconf 88' lang='lat' dir='ltr'><strong>animam</strong></span> <span class='ocrx_word' id='word_1_132' title='bbox 542 2786 669 2845; x_wconf 84' lang='lat' dir='ltr'><strong>tandem</strong></span> <span class='ocrx_word' id='word_1_133' title='bbox 683 2806 737 2864; x_wconf 88' lang='lat' dir='ltr'><strong>per</strong></span> <span class='ocrx_word' id='word_1_134' title='bbox 751 2787 815 2845; x_wconf 87' lang='lat' dir='ltr'><strong>fera</strong></span> <span class='ocrx_word' id='word_1_135' title='bbox 829 2791 949 2846; x_wconf 78' lang='lat' dir='ltr'><strong>tristem</strong></span> 
     </span>
     <span class='ocr_line' id='line_1_32' title="bbox 398 2864 648 2926; baseline 0.024 -5"><span class='ocrx_word' id='word_1_136' title='bbox 398 2864 524 2923; x_wconf 85' lang='lat' dir='ltr'><strong>vulnera</strong></span> <span class='ocrx_word' id='word_1_137' title='bbox 538 2867 648 2926; x_wconf 85' lang='lat' dir='ltr'><strong>reddit.</strong></span> 
     </span>
    </p>
   </div>
   <div class='ocr_carea' id='block_1_2' title="bbox 633 3027 742 3067">
    <p class='ocr_par' dir='ltr' id='par_1_5' title="bbox 633 3027 742 3067">
     <span class='ocr_line' id='line_1_33' title="bbox 633 3027 742 3067; baseline 0.009 -1"><span class='ocrx_word' id='word_1_138' title='bbox 633 3027 742 3067; x_wconf 69' lang='lat' dir='ltr'><strong>sariaci</strong></span> 
     </span>
    </p>
   </div>
   <div class='ocr_carea' id='block_1_3' title="bbox 236 3094 917 3255">
    <p class='ocr_par' dir='ltr' id='par_1_6' title="bbox 236 3094 917 3255">
     <span class='ocr_line' id='line_1_34' title="bbox 276 3094 917 3178; baseline 0.008 -20"><span class='ocrx_word' id='word_1_139' title='bbox 276 3094 359 3171; x_wconf 83' lang='lat' dir='ltr'><strong>Quid</strong></span> <span class='ocrx_word' id='word_1_140' title='bbox 372 3120 433 3171; x_wconf 89' lang='lat' dir='ltr'><strong>me,</strong></span> <span class='ocrx_word' id='word_1_141' title='bbox 448 3109 557 3178; x_wconf 91' lang='lat' dir='ltr'><strong>potens</strong></span> <span class='ocrx_word' id='word_1_142' title='bbox 573 3100 714 3176; x_wconf 87' lang='lat' dir='ltr'><strong>Fortuna,</strong></span> <span class='ocrx_word' id='word_1_143' title='bbox 728 3104 829 3162; x_wconf 85' lang='lat' dir='ltr'><strong>fallaci</strong></span> <span class='ocrx_word' id='word_1_144' title='bbox 842 3105 917 3163; x_wconf 91' lang='lat' dir='ltr'><strong>mihi</strong></span> 
     </span>
     <span class='ocr_line' id='line_1_35' title="bbox 236 3178 857 3255; baseline 0.011 -17"><span class='ocrx_word' id='word_1_145' title='bbox 236 3178 374 3240; x_wconf 86' lang='lat' dir='ltr'><strong>blandita</strong></span> <span class='ocrx_word' id='word_1_146' title='bbox 388 3181 484 3255; x_wconf 89' lang='lat' dir='ltr'><strong>vultu,</strong></span> <span class='ocrx_word' id='word_1_147' title='bbox 497 3193 579 3243; x_wconf 88' lang='lat' dir='ltr'><strong>sorte</strong></span> <span class='ocrx_word' id='word_1_148' title='bbox 593 3193 774 3244; x_wconf 83' lang='lat' dir='ltr'><strong>contentum</strong></span> <span class='ocrx_word' id='word_1_149' title='bbox 788 3207 857 3245; x_wconf 83' lang='lat' dir='ltr'><strong>mea</strong></span> 
     </span>
    </p>
   </div>
   <div class='ocr_carea' id='block_1_4' title="bbox 236 3276 296 3336">
    <p class='ocr_par' dir='ltr' id='par_1_7' title="bbox 236 3276 296 3336">
     <span class='ocr_line' id='line_1_36' title="bbox 236 3276 296 3336; baseline 0.033 -2"><span class='ocrx_word' id='word_1_150' title='bbox 236 3276 296 3336; x_wconf 71' lang='lat'><strong>436</strong></span> 
     </span>
    </p>
   </div>
   <div class='ocr_carea' id='block_1_5' title="bbox 0 0 1276 3862">
    <p class='ocr_par' dir='ltr' id='par_1_8' title="bbox 0 0 1276 3862">
     <span class='ocr_line' id='line_1_37' title="bbox 0 0 1276 3862; baseline 0 0"><span class='ocrx_word' id='word_1_151' title='bbox 0 0 1276 3862; x_wconf 95' lang='lat' dir='ltr'><strong> </strong></span> 
     </span>
    </p>
   </div>
   <div class='ocr_carea' id='block_1_6' title="bbox 1083 756 1146 808">
    <p class='ocr_par' dir='ltr' id='par_1_9' title="bbox 1083 756 1146 808">
     <span class='ocr_line' id='line_1_38' title="bbox 1083 756 1146 808; baseline 0.032 -2"><span class='ocrx_word' id='word_1_152' title='bbox 1083 756 1146 808; x_wconf 81' lang='lat'><strong>350</strong></span> 
     </span>
    </p>
   </div>
   <div class='ocr_carea' id='block_1_7' title="bbox 1080 1561 1142 1624">
    <p class='ocr_par' dir='ltr' id='par_1_10' title="bbox 1080 1561 1142 1624">
     <span class='ocr_line' id='line_1_39' title="bbox 1080 1561 1142 1624; baseline 0.016 -1"><span class='ocrx_word' id='word_1_153' title='bbox 1080 1561 1142 1624; x_wconf 82' lang='lat'><strong>360</strong></span> 
     </span>
    </p>
   </div>
   <div class='ocr_carea' id='block_1_8' title="bbox 1080 2380 1234 2442">
    <p class='ocr_par' dir='ltr' id='par_1_11' title="bbox 1080 2380 1234 2442">
     <span class='ocr_line' id='line_1_40' title="bbox 1080 2380 1234 2442; baseline -0.026 -3"><span class='ocrx_word' id='word_1_154' title='bbox 1080 2380 1142 2442; x_wconf 76' lang='lat'><strong>370</strong></span> <span class='ocrx_word' id='word_1_155' title='bbox 1233 2430 1234 2435; x_wconf 73' lang='grc'>,</span> 
     </span>
    </p>
   </div>
  </div>
 </body>
</html>
