2544 3840
376 301 465 358 THE
492 300 732 359 TRAGEDIES
759 300 814 358 OF
842 298 1003 358 SENECA

237 425 298 475 stat
312 424 409 474 terror
422 420 529 473 animis
544 424 576 473 et
591 436 641 472 cor
655 419 820 473 attonitum
835 415 904 473 salit

237 506 439 583 pavidumque
453 505 580 582 trepidis
594 505 723 582 palpitat
738 509 822 561 venis
836 508 927 561 iecur.

237 604 272 653 ut
285 595 398 653 fractus
412 603 514 653 austro
528 604 639 671 pontus
653 600 820 653 etiamnum
834 602 945 664 tumet,
1081 595 1141 653 710

237 689 371 760 quamvis
386 689 521 761 quiescat
534 685 685 762 languidis
700 689 799 742 ventis
813 684 889 755 dies

236 778 280 831 ita
293 793 380 831 mens
393 772 493 831 adhuc
508 782 634 832 vexatur
649 794 774 832 excusso
787 781 881 831 metu.

236 863 331 921 semel
345 862 483 940 profecto
497 883 635 939 premere
649 863 754 922 felices
768 864 844 921 deus

237 971 306 1009 cum
320 956 430 1028 coepit,
445 961 543 1029 urget.
586 953 641 1010 hos
655 953 771 1010 habent
784 972 895 1029 magna
909 956 1016 1010 exitus.

630 1128 742 1167 uv‘rarx

277 1208 354 1280 Quis
366 1217 431 1266 tam
445 1213 608 1286 impotens,
621 1208 801 1279 miseranda,
815 1217 848 1266 te
863 1227 948 1266 casus
962 1210 1065 1265 rotat?

617 1392 759 1441 uriarum

278 1480 320 1539 Vt
333 1485 423 1539 missa
437 1481 517 1558 palla
531 1490 579 1540 est
592 1483 664 1539 tabe
680 1482 795 1540 Nessea
809 1482 898 1539 inlita

235 1569 437 1647 thalamisque
450 1590 589 1630 maerens
604 1571 695 1631 intuli
708 1590 845 1648 gressum
858 1574 944 1641 meis,

236 1664 338 1718 nescio
352 1660 426 1737 quid
439 1664 557 1719 animus
572 1659 698 1719 timuit¹
712 1669 745 1719 et
759 1660 898 1718 fraudem
912 1661 1023 1717 struit?

235 1748 313 1807 libet
326 1755 464 1827 experiri.
508 1751 620 1810 solibus
634 1751 716 1809 dirus
730 1750 829 1809 ferum

235 1837 422 1917 flammisque
438 1840 551 1899 Nessus
566 1844 744 1917 sanguinem
759 1839 880 1898 ostendi
893 1841 1010 1906 arcuit3
1078 1839 1138 1897 720

235 1927 285 1986 hic
299 1933 364 2005 ipse
378 1929 499 1988 fraudes
514 1949 579 1989 esse
594 1933 786 2007 praemonuit
799 1929 894 1987 dolus.

277 2018 318 2075 Et
331 2018 420 2089 forte,
434 2020 518 2077 nulla
532 2021 614 2078 nube
628 2039 781 2097 respersus
795 2020 891 2089 iubar,

235 2108 356 2165 laxabat
370 2108 478 2167 ardens
492 2108 642 2167 fervidum
656 2108 747 2166 Titan
762 2109 896 2166 diem.-

235 2201 285 2254 vix
299 2217 351 2254 ora
365 2198 439 2256 solvi
453 2203 568 2275 patitur
583 2203 676 2256 etiam
689 2218 771 2256 nunc
785 2202 927 2255 timor.-

235 2288 352 2346 medios
367 2292 399 2345 in
413 2293 500 2364 ignes
515 2289 584 2346 solis
599 2292 728 2346 eiceram
743 2287 862 2346 facem²

235 2397 295 2456 quo
310 2382 409 2436 tincta
422 2377 522 2436 fuerat
536 2378 616 2455 palla
629 2383 782 2456 vestisque
796 2378 893 2436 inlita.

235 2468 371 2526 abiectus
385 2468 489 2526 horret
503 2473 624 2545 sanguis
639 2477 671 2526 et
688 2468 802 2526 Phoebi
817 2467 926 2525 eoma⁸

235 2557 409 2633 tepefactus
423 2558 601 2615 ardet-vix
615 2578 694 2637 queo
708 2566 877 2619 monstrum
892 2557 1016 2634 eloqui.4

235 2650 320 2704 nives
335 2655 371 2704 ut
389 2647 483 2705 Eurus
498 2647 587 2706 solvit
601 2655 655 2705 aut
668 2647 791 2724 tepidus
807 2649 914 2718 Notus,

235 2754 308 2813 quas
323 2755 393 2793 vere
407 2741 504 2813 primo
519 2737 635 2795 lucidus
650 2737 753 2815 perdit
769 2737 887 2808 Mimas,
1079 2738 1138 2796 730

267 2886 276 2917 ¹
293 2885 346 2938 Leo
363 2888 516 2951 conjectures
535 2905 553 2938 a
572 2888 668 2939 lacuna
687 2887 745 2937 here
764 2888 820 2937 aad
836 2894 948 2952 supposta
969 2902 1003 2937 an
1023 2887 1139 2936 moriens

234 2953 292 3002 viro
306 2953 310 3013 Ι
325 2969 422 3017 poenas
444 2958 523 3018 parat
545 2952 712 3004 Centaurus:
742 2952 847 3003 Richter
868 2954 946 3003 reoda
968 2952 1067 3002 timuit.
1104 2967 1139 3001 an

234 3017 355 3067 fraudem
371 3020 471 3068 struit?

266 3081 277 3112 ²
294 3084 421 3145 'feioeranr
438 3083 523 3133 facem
535 3083 596 3143 Leo,
609 3084 670 3133 aaa
683 3084 714 3144 u,
730 3083 902 3147 oorp'eoiurs'ap
912 3083 1013 3134 medios
1024 3083 1053 3133 in
1064 3083 1140 3148 ignes

235 3148 319 3198 vellus
330 3149 395 3198 eiooi
407 3148 515 3199 madens
526 3169 532 3200 z
551 3149 613 3205 solis
625 3154 653 3200 et
664 3150 762 3200 claram
773 3149 858 3199 iaoem
869 3149 904 3199 A.

236 3237 294 3286 042
