2544 3840
382 282 471 344 Tua
498 278 738 344 Taaouoms
767 242 1012 343 oF‘suuucx
1041 292 1046 303 ·

243 402 416 459 dominatur
430 402 491 458 illic
506 409 631 478 patruus
645 400 771 458 Alcidae
784 405 839 458 tui.

243 503 433 560 quocumque
447 502 566 559 perges,
580 486 698 553 misera,
713 489 858 557 cognatos
872 481 945 538 deos

243 564 304 620 illic
319 564 442 622 videbis.

623 652 766 701 uniamus

446 731 613 795 Maximum
627 737 691 795 fieri
705 734 803 795 scelus

243 820 276 877 et
289 816 355 896 ipsa
367 818 475 890 fateor,
490 819 544 876 sed
558 819 645 876 dolor
658 819 721 876 fieri
736 820 829 876 iubet.

636 977 748 1017 uvrmx

285 1041 423 1098 Moriere.

185 1109 191 1119 ¹
622 1130 766 1180 nutamus

426 1216 537 1272 Moriar
553 1215 696 1273 Herculis
710 1234 822 1291 nempe
836 1215 944 1273 incluti

242 1301 373 1355 coniunx
387 1317 444 1355 nec
458 1296 537 1354 ullus
552 1304 643 1354 nocte
656 1296 790 1354 discussa
803 1297 869 1354 dies

242 1378 363 1435 viduam
376 1380 496 1436 notabit
509 1398 567 1436 nec
581 1397 664 1436 meos
679 1378 786 1454 paelex
800 1386 882 1435 toros

242 1464 360 1535 captiva
374 1464 482 1535 capiet.
525 1467 598 1517 ante
613 1461 651 1516 ab
665 1479 772 1517 occasu
786 1459 855 1517 dies¹

241 1548 392 1612 nascetur,
407 1539 499 1598 Indos
512 1549 585 1597 ante
600 1540 733 1618 glacialis
748 1541 834 1616 polus

241 1620 407 1699 Scythasve
421 1622 526 1699 tepida
541 1621 680 1679 Phoebus
694 1621 809 1680 inficiet
825 1630 900 1692 rota,

241 1723 332 1780 quam
345 1723 395 1761 me
409 1703 546 1761 relictam
561 1702 723 1760 Thessalae
737 1707 884 1779 aspiciant
898 1723 1000 1761 nurus

240 1804 309 1842 meo
323 1785 440 1861 iugales
454 1788 601 1861 sanguine
616 1788 793 1860 extinguam
809 1783 913 1841 faces.¹

240 1874 293 1924 aut
307 1874 413 1942 pereat
427 1873 480 1923 aut
494 1884 543 1922 me
557 1870 687 1940 perimat
699 1884 707 1933 ;
728 1865 808 1923 elisis
822 1864 894 1922 feris
1085 1874 1144 1925 340

240 1955 273 2005 et
287 1952 448 2024 coniugem
461 1947 564 2018 addat,
578 1951 660 2004 inter
674 1946 845 2003 Herculeos
858 1946 931 2004 lieet

239 2047 290 2086 me
304 2047 424 2106 quoque
438 2028 556 2086 labores
570 2035 729 2097 numeret3
751 2027 877 2084 Alcidae
891 2035 972 2086 toros
1059 2102 1061 2105 Ι

238 2114 384 2167 moritura
397 2117 481 2167 certe
496 2128 619 2185 corpore
633 2107 799 2184 amplectar
812 2128 888 2166 meo.

239 2194 293 2259 ire,
308 2194 351 2247 ire
365 2190 404 2247 ad
419 2190 539 2247 umbras
554 2189 697 2246 Herculis
712 2196 839 2264 nuptam
853 2189 940 2262 libet,

240 2270 293 2327 sed
308 2290 370 2327 non
384 2270 521 2328 inultam.
564 2275 589 2327 si
603 2270 676 2347 quid
691 2289 729 2326 ex
743 2278 846 2328 nostro
862 2271 997 2329 Hercule

239 2356 379 2428 concepit
395 2352 469 2424 Iole,
482 2352 621 2409 manibus
636 2350 764 2408 evellam
777 2356 853 2409 meis

239 2441 311 2491 ante
326 2441 359 2491 et
371 2453 427 2510 per
440 2437 519 2509 ipsas
532 2432 680 2509 paelicem
694 2433 834 2490 invadam
848 2433 938 2494 faces·

238 2533 288 2571 me
303 2515 432 2591 nuptiali
447 2518 599 2571 victimam
613 2513 703 2571 feriat
717 2514 767 2571 die

238 2594 376 2666 infestus,
392 2595 479 2654 Iolen
492 2595 566 2652 dum
581 2614 670 2671 supra
684 2600 853 2653 exanimem
868 2616 994 2654 ruam-

238 2675 311 2732 felix
325 2681 406 2734 iacet
419 2681 601 2754 quicumque
616 2696 690 2753 quos
704 2677 770 2734 odit
783 2681 902 2753 premit.
1082 2685 1142 2736 350

636 2890 748 2931 NVTRIX

279 2978 361 3051 Quid
375 2984 440 3056 ipsa
453 2978 586 3037 flammas
599 2984 697 3056 pascis
712 2987 744 3037 et
758 2987 876 3037 vastum
894 2979 978 3039 foves

237 3061 317 3119 ultro
331 3060 488 3119 dolorem?
529 3065 648 3133 misera,
662 3061 736 3138 quid
750 3080 866 3120 cassum
880 3064 991 3120 times?

238 3264 297 3314 210
341 3190 350 3221 ¹
368 3191 456 3251 Pluto,'
468 3192 514 3241 the
526 3190 636 3240 brother
647 3190 675 3240 of
685 3190 762 3242 Jove.
862 3190 873 3221 ²
888 3191 931 3243 ie.
946 3191 1030 3241 Iole'a.
