2544 3862
357 276 447 336 rna
475 275 714 336 Tareninus
744 276 798 336 or
815 234 984 335 ‘sannen

612 427 724 467 ernlx

260 512 328 575 ludi
352 534 408 575 nus
422 514 484 579 ine.
499 513 606 585 fateor,
621 522 669 574 est
682 514 823 572 thalamis
836 518 898 572 tuis
910 534 918 584 ;

217 595 271 655 aud
286 534 362 655 cede
378 596 448 655 fatis
461 605 554 675 atque
568 595 709 655 fortunae
722 605 805 668 tuae,

218 676 351 741 alurunu.
365 698 478 757 quaeso
491 698 569 737 nere
584 677 710 737 violenti
724 697 811 735 move

216 762 290 819 iraur
305 763 415 819 mariti.
457 758 583 819 forsitan
597 760 708 818 vindex
722 760 798 818 deus

217 844 328 901 existet
342 840 461 921 aliquis,
475 841 574 902 iaetus
587 849 621 901 et
634 845 738 901 veniet
752 841 825 899 dies.

602 1015 727 1055 novaria

257 1108 349 1167 (irari
363 1107 489 1169 deurunr
503 1113 605 1163 nestra
618 1107 678 1159 iam
691 1102 810 1178 pridem
825 1102 932 1162 domus

217 1198 344 1267 urgetur
356 1194 412 1253 ira.
424 1192 520 1265 ruiana
534 1204 623 1263 quam
637 1187 749 1259 pressit·
764 1184 865 1242 Venus

215 1270 317 1331 tumre
331 1276 457 1331 ariane
470 1267 544 1325 dura
557 1267 722 1340 genetricis
735 1285 832 1336 meae,

214 1376 223 1413 r
237 1372 293 1413 uae
307 1362 402 1430 nupta
415 1350 541 1409 demens
555 1349 659 1421 nupsit
672 1349 789 1404 incesta
803 1347 879 1417 face,
1058 1350 1118 1410 260

214 1374 308 1493 duaa
322 1436 427 1493 arantri,
441 1430 585 1501 coniugis,
599 1425 704 1501 legum
717 1431 885 1487 immemor.

216 1516 258 1575 ini
272 1514 370 1573 retina
384 1514 476 1578 erine,
491 1511 644 1564 succincta
658 1510 809 1584 anguibus

214 1596 304 1657 utun
323 1594 428 1667 unna
442 1592 527 1645 venit
540 1587 579 1644 ad
593 1587 714 1664 Stygios
727 1597 809 1648 toros

214 1682 373 1755 raptaeque
386 1668 526 1728 thalamis
541 1670 689 1745 sanguine
704 1675 836 1730 extinxit
850 1673 951 1743 faees;

212 1754 349 1815 intrudit
362 1755 405 1808 ira
419 1753 563 1826 principis
576 1758 684 1827 pectus
698 1757 776 1810 truci

211 1834 335 1897 turrium
349 1836 381 1888 in
394 1830 576 1900 nefandam3
598 1833 710 1891 cecidit
723 1833 830 1893 infelix
844 1855 963 1912 parenS,

212 1916 281 1979 narr,
296 1919 397 1971 nostra
411 1911 491 1969 ferro
505 1932 616 1990 meque
631 1922 780 1992 perpetuo
793 1917 895 1976 obruit

210 1999 345 2055 extincta
359 1992 461 2061 luctu3
482 1998 642 2071 coniugem
658 2001 751 2054 traxit
764 2017 852 2056 suum

210 2084 375 2152 natumque
389 2074 428 2131 ad
442 2076 572 2147 umbras,
587 2077 722 2153 prodidit
735 2077 849 2156 lapsam
864 2081 995 2141 domum.

607 2259 718 2301 NVTRIX

250 2344 404 2403 Renovare
419 2345 519 2404 luctus
533 2367 623 2424 parce
638 2369 707 2407 eum
718 2350 790 2410 fletu
805 2357 879 2429 piae,
1053 2356 1111 2418 270

207 2445 311 2484 manes
324 2432 461 2502 parentis
475 2448 553 2487 neve
568 2429 696 2495 sollicita
709 2441 790 2505 tuae,

205 2526 311 2584 graves
326 2507 433 2567 furoris
448 2530 525 2586 quae
541 2516 587 2569 sui
600 2531 714 2591 poenas
728 2515 823 2575 dedit.

603 2689 715 2728 CHORVS

408 2773 495 2846 Quae
510 2775 589 2834 fama
603 2779 693 2837 modo
707 2784 792 2839 venit
805 2781 844 2839 ad
858 2784 968 2843 aures?

366 2859 484 2913 utinam
497 2857 573 2916 falso
588 2860 703 2919 eredita
716 2857 826 2937 perdat

366 2934 477 2995 frustra
490 2942 605 2998 totiens
618 2945 729 3000 iactata
743 2942 843 3016 fidem,

545 3141 559 3173 1‘
571 3143 612 3197 ae.
627 3143 655 3197 e.
671 3134 780 3199 sinus„
859 3128 863 3134 “
969 3129 973 3137 ’
