2540 3858
353 277 441 333 THE
470 276 709 334 TRAGEDIES
739 276 793 333 OF
823 277 984 334 SENECA

133 422 137 473 ι
213 401 309 449 rostro
323 402 477 468 pererrat3
498 393 611 470 praeda
625 412 695 450 cum
710 392 914 475 propior'fuit,

213 487 331 541 cervice
346 478 413 541 toti
426 491 545 560 pugnat
560 491 592 540 et
607 486 725 559 gemitu
740 491 828 539 vocat

187 589 190 594 ’
212 573 369 630 dominum
382 582 553 631 morantem
568 592 661 649 seque
676 576 823 630 retinenti
838 577 936 649 eripit.

211 682 281 719 cum
295 671 397 739 sperat
412 661 455 719 ira
469 666 659 739 sanguinem,
674 667 773 720 nescit
786 667 870 739 tegi;

211 760 316 810 tamen
330 759 463 830 tegatur.
506 757 618 828 aspice,
633 760 667 809 ut
681 752 779 809 multo
789 756 892 828 gravis

212 842 350 919 squalore
365 843 466 900 vultus
481 844 589 900 obruat
603 850 736 900 maestos
750 861 844 899 ooma.

211 951 302 1009 quam
316 930 405 990 foeda
420 937 516 989 iaceat
532 933 631 989 barba.
674 938 848 1008 praestetur
862 931 976 990 fides—

210 1020 336 1079 fratrem
349 1026 432 1079 iuvat
447 1022 558 1079 videre.
602 1020 777 1097 complexus
791 1021 866 1078 mihi

211 1111 306 1169 redde
321 1116 481 1189 expetitos.
525 1111 673 1189 quidquid
687 1115 799 1168 irarum
813 1111 872 1168 fuit

210 1206 383 1271 transierit;
404 1222 443 1260 ex
457 1202 514 1259 hoc
529 1205 651 1278 sanguis
665 1222 700 1258 ac
713 1205 812 1278 pietas
823 1201 873 1259 die
1060 1211 1121 1263 510

210 1291 357 1363 colantur,
372 1296 479 1350 animis
494 1292 563 1350 odia
577 1292 720 1349 damnata
734 1291 885 1348 excidant.

588 1521 739 1560 THYEs‘rss

253 1608 378 1667 Diluere
392 1629 512 1685 possem
527 1617 645 1681 cuncta,
661 1614 718 1667 nisi
732 1608 802 1666 talis
815 1607 902 1666 fores

210 1699 265 1757 sed
279 1698 386 1770 fateor,
403 1699 510 1770 Atreu,
524 1699 632 1770 fateor,
647 1700 754 1757 admisi
773 1703 874 1756 omnia

209 1810 288 1867 quae
303 1789 466 1847 credidisti.
510 1794 672 1866 pessimam
687 1810 806 1847 oausam
820 1809 920 1846 meam

209 1879 355 1937 hodierna
371 1884 468 1956 pietas
482 1878 564 1938 fecit.
610 1889 657 1939 est
671 1899 791 1957 prorsus
805 1899 918 1936 nocens

209 1974 391 2047 quicumque
407 1974 486 2027 visus
500 1977 562 2027 tam
579 1972 659 2027 bono
674 1970 760 2027 fratri
775 1977 822 2026 est
837 1989 958 2027 nocens,

210 2059 339 2117 lacrimis
353 2059 508 2134 agendum
523 2067 571 2116 est
583 2078 590 2125 ;
613 2058 780 2134 supplicem
795 2063 909 2135 primus
923 2060 1026 2129 vides;

210 2149 268 2205 hae
283 2156 316 2204 te
332 2155 495 2223 precantur
509 2148 638 2223 pedibus
652 2152 785 2205 intactae
800 2169 924 2207 manus:

209 2245 341 2313 ponatur
355 2239 452 2293 omnis
466 2240 509 2293 ira
524 2245 556 2293 et
571 2255 608 2292 ex
623 2238 724 2292 animo
738 2244 839 2295 tumor

210 2346 312 2385 erasus
326 2328 424 2385 abeat.
468 2326 588 2383 obsides
602 2325 673 2382 fidei
686 2331 789 2403 accipe

210 2417 265 2475 hos
279 2421 470 2486 innocentes,
484 2414 585 2473 frater.

609 2611 720 2650 ATREVS

590 2698 618 2755 A
633 2701 763 2775 genibus
777 2721 901 2758 manum

211 2786 298 2845 aufer
311 2807 455 2865 meosque
470 2791 571 2865 potius
585 2788 742 2866 amplexus
756 2798 836 2866 pete.

212 2896 265 2933 vos
280 2896 411 2955 quoque,
426 2897 532 2935 senum
547 2879 707 2955 praesidia,
721 2889 769 2938 tot
783 2884 919 2952 iuvenes,
933 2903 1002 2941 meo

212 2966 348 3042 pendete
363 2966 449 3024 collo.
493 2968 660 3044 squalidam
675 2977 790 3027 vestem
806 2990 883 3029 exue

212 3056 367 3132 oculisque
382 3061 493 3114 nostris
506 3077 597 3133 parce
612 3066 644 3115 et
659 3068 782 3117 ornatus
799 3081 873 3138 cape

210 3165 299 3223 pares
313 3150 389 3203 meis
404 3146 562 3224 laetusque
576 3146 703 3204 fraterni
718 3152 825 3224 imperi

213 3251 270 3301 134
