2538 3846
381 280 470 338 THE
497 280 736 339 TRAGEDIES
764 281 819 341 OF
847 280 1010 338 SENECA

322 402 407 474 peior
422 406 468 455 est
483 397 564 455 bello
578 401 669 454 timor
683 402 748 473 ipse
763 397 844 454 belli.

322 484 382 536 iam
396 483 497 536 minae
512 483 593 536 saevi
607 478 745 536 cecidere
760 476 841 548 ferri,

321 566 382 618 iam
396 561 466 617 silet
480 580 614 617 murmur
629 580 719 635 grave
734 558 934 628 classicorum,

322 647 382 699 iam
395 650 479 699 tacet
493 641 604 699 stridor
618 642 686 698 litui
701 644 886 717 strepentis3

322 722 384 781 alta
398 743 457 799 pax
472 725 537 780 urbi
551 731 691 780 revocata
704 723 803 780 laetae
819 730 873 779 est.

323 809 375 875 sic,
389 806 440 862 ubi
456 824 494 861 ex
508 805 570 861 alto
584 812 725 861 tumuere
740 804 848 861 fluctus

324 885 477 944 Bruttium
491 887 569 943 Cord
582 884 713 943 feriente
728 894 873 962 pontum‚·
924 898 963 936 aa*
986 900 1006 925 Α
1024 898 1030 921 ³

323 966 423 1045 Scylla
437 968 563 1044 pulsatis
577 975 699 1024 resonat
712 971 847 1024 cavernis

322 1069 357 1106 ac
371 1069 453 1107 mare
467 1054 500 1105 in
513 1056 603 1125 portu
617 1053 747 1106 timuere
762 1056 873 1105 nautae
1084 1055 1144 1106 580

322 1131 404 1209 quod
418 1151 509 1208 rapax
523 1130 665 1188 haustum
680 1134 808 1188 revomit
822 1129 1000 1206 Charybdis,

323 1220 355 1270 et
369 1212 451 1270 feru's
466 1211 592 1289 Cyclops
607 1217 718 1269 metuit
732 1220 892 1287 parentem

322 1314 397 1371 rupe
412 1293 557 1351 ferventis
572 1294 708 1351 residens
723 1297 754 1359 in
771 1294 900 1363 Aetnae,

322 1396 362 1433 ne
377 1374 542 1452 superfusis
557 1374 686 1432 violetur
700 1374 789 1433 undis

321 1462 401 1533 ignis
414 1460 547 1514 aeternis
560 1476 704 1514 resonans
718 1459 851 1526 caminis,

323 1546 356 1596 et
369 1546 458 1614 putat
472 1542 569 1614 mergi
583 1557 636 1595 sua
650 1557 738 1614 posse
751 1557 867 1614 pauper

321 1639 417 1696 regna
433 1618 557 1677 Laertes
572 1618 677 1677 Ithaca
691 1627 887 1677 tremente—

322 1705 347 1759 si
362 1720 432 1758 suae
447 1704 546 1758 ventis
561 1701 699 1759 cecidere
714 1705 801 1771 vires,

321 1786 424 1840 mitius
438 1790 546 1859 stagno
560 1782 686 1879 pelagus
700 1784 868 1848 recumbit3

302 1865 393 1945 salta,
408 1883 485 1941 quae
500 1868 583 1921 navis
598 1868 702 1921 timuit
715 1883 828 1934 secare,

301 1978 307 2009 t
300 1946 393 2003 hinc
408 1954 440 2003 et
455 1946 526 2002 hinc
540 1944 614 2004 fusis
616 1950 763 2022 speciosa
777 1944 852 2002 velis

307 2026 416 2098 ¹strata
430 2027 549 2084 ludenti
564 2036 690 2104 patuere
705 2027 841 2096 cumbae,

323 2117 356 2166 et
370 2116 457 2165 vacat
469 2128 583 2166 mersos
597 2127 757 2165 numerare
772 2112 868 2183 pisces

323 2189 371 2246 hic
386 2190 438 2246 ubi
452 2193 572 2265 ingenti
586 2188 676 2245 modo
691 2190 747 2246 sub
761 2188 893 2264 procella

323 2269 468 2348 Cyclades
482 2279 611 2347 pontum
624 2274 755 2327 timuere
768 2278 877 2328 motae.

364 2351 454 2409 Nulla
467 2371 530 2409 sors
543 2351 635 2427 longa
650 2359 716 2419 est3
737 2351 823 2408 dolor
836 2372 871 2408 ac
885 2352 1034 2428 voluptas¹

322 2438 452 2492 invicem
466 2433 598 2500 cedunt;
621 2434 739 2490 brevior
753 2433 898 2510 voluptas

322 2520 382 2572 ima
396 2522 551 2592 permutat
564 2508 639 2572 levis
653 2514 726 2571 hora
741 2519 872 2572 summis,

321 2597 373 2654 ille
387 2601 439 2674 qui
453 2597 548 2654 donat
562 2596 702 2654 diadema
718 2595 821 2667 fronti,

322 2697 413 2754 quem
427 2697 509 2754 genu
524 2682 612 2734 nixae
627 2685 778 2735 tremuere
794 2686 913 2754 gentes
1085 2674 1144 2733 600

323 2763 407 2816 cuius
421 2759 459 2817 ad
474 2767 584 2816 nutum
598 2778 725 2834 posuere
740 2759 821 2816 bella

306 2833 309 2839 ’
323 2839 433 2897 Medus
448 2849 481 2898 et
497 2840 611 2898 Phoebi
625 2845 771 2916 propioris
785 2838 881 2896 ludus

323 2930 355 2978 et
370 2921 477 2979 Dahae
494 2921 611 2980 Parthis
626 2926 760 2999 equitem
775 2924 891 2989 minati,

321 3006 428 3060 anxius
442 3011 595 3081 sceptrum
608 3011 697 3061 tenet
712 3010 744 3059 et
758 2991 934 3058 moventes

322 3092 432 3142 cuncta
446 3085 561 3142 divinat
575 3089 747 3160 metuitque
762 3102 847 3140 casus

321 3166 449 3223 mobiles
463 3186 564 3224 rerum
577 3167 764 3242 dubiumque
778 3172 908 3242 tempus.
