2544 3840
384 319 473 377 THE
500 317 740 377 TRAGEDIES
768 317 823 376 OF
851 317 1011 377 SENECA

365 434 521 513 formaque
535 442 665 493 mortem
679 438 813 511 paritura
826 433 927 505 mihi,·
1088 439 1147 490 990

364 518 422 575 tibi
436 523 546 574 cuncta
560 516 667 573 domus
681 515 814 573 concidit
828 519 890 586 uni,

365 598 439 655 dum
453 617 503 654 me
517 601 639 674 genitor
652 604 747 674 negat
762 596 888 654 Alcidae

364 687 457 755 atque
474 678 645 736 Herculeus
659 698 744 736 socer
758 698 823 736 esse
837 682 936 736 timet.

365 760 419 817 sed
433 764 492 817 iam
507 760 648 817 dominae
662 767 746 817 tecta
760 767 913 836 petantur.

640 948 756 986 CHORUS

408 1036 491 1107 Quid
506 1056 600 1112 regna
613 1039 659 1093 tui
673 1035 752 1092 clara
767 1038 901 1112 parentis

367 1137 512 1194 casusque
527 1125 595 1176 tuos
613 1120 736 1193 respicis
749 1117 878 1174 amens?

366 1197 465 1275 fugiat
479 1198 581 1256 vultus
595 1196 718 1256 fortuna
734 1202 823 1275 prior.

366 1279 440 1338 felix
454 1283 589 1357 quisquis
604 1283 689 1337 novit
703 1277 851 1336 famulum

367 1380 532 1438 regemque
546 1365 611 1437 pati
625 1359 786 1437 vultusque
801 1380 869 1417 suos

367 1444 483 1499 variare*
495 1449 605 1520 potest.
647 1445 748 1518 rapuit
762 1445 840 1499 vires

367 1523 546 1600 pondusque
560 1522 646 1580 malis
660 1541 745 1580 casus
758 1526 860 1580 animo

368 1609 420 1681 qui
433 1604 506 1662 tulit
519 1623 625 1681 aequo.

642 1755 753 1794 ermx

287 1843 315 1902 O
330 1864 421 1922 quam
435 1850 578 1901 cruentus
593 1841 721 1900 feminas
736 1842 872 1900 stimulat
886 1841 978 1913 furor,

246 1946 316 1984 cum
329 1929 430 2003 patuit
443 1944 504 1982 una
517 1924 625 2001 paelici
641 1932 673 1982 et
687 1932 802 2001 nuptae
817 1923 943 1982 domus!

247 2007 347 2084 Scylla
361 2015 394 2065 et
408 2005 575 2083 Charybdis
589 2005 690 2064 Sicula
704 2013 908 2083 contorquens
921 2003 1001 2063 freta

246 2093 346 2145 minus
360 2087 527 2158 timendae,
541 2086 625 2144 nulia
639 2106 701 2144 non
714 2086 822 2144 melior
835 2085 900 2144 fera
914 2094 969 2145 est.

247 2188 378 2246 namque
393 2176 428 2225 ut
442 2167 554 2226 reluxit
567 2167 690 2244 paelicis
705 2176 812 2244 captae
826 2167 919 2226 decus

248 2258 280 2308 et
294 2248 380 2307 fulsit
396 2247 459 2306 lole
475 2248 570 2325 qualis
584 2249 706 2306 innubis
720 2248 785 2306 dies

247 2334 367 2408 purisve
382 2329 495 2387 clarum
508 2331 648 2388 noctibus
663 2329 745 2387 sidus
758 2333 860 2401 micat,

248 2411 337 2470 stet'it
351 2411 465 2470 furenti
480 2411 584 2470 similis
598 2432 632 2468 ac
646 2419 766 2469 torvum
781 2415 904 2469 intuens
1092 2416 1151 2467 940

248 2493 403 2553 Herculea
417 2497 566 2561 coniunx3
587 2491 652 2551 feta
665 2499 701 2550 ut
713 2492 860 2549 Armenia
872 2496 974 2551 iacens

247 2576 304 2633 sub
317 2594 392 2651 rupe
406 2578 493 2651 tigris
508 2572 596 2632 hoste
610 2581 774 2651 conspecto
788 2573 874 2631 exilit

247 2664 301 2714 aut
311 2660 391 2713 iussa
403 2655 542 2731 thyrsum
557 2663 683 2731 quatere
698 2663 880 2732 conceptum
894 2654 996 2712 ferens

169 2788 171 2793 ,
249 2736 375 2794 Maenas
390 2735 534 2813 Lyaeum,
549 2736 642 2794 dubia
655 2755 715 2813 quo
729 2756 849 2813 gressus
863 2735 942 2793 ferat

248 2816 346 2875 haesit
360 2837 522 2893 parumper
534 2837 541 2885 ;
562 2825 629 2875 tum
642 2837 698 2894 per
712 2816 883 2875 Herculeos
896 2817 974 2875 lares

246 2902 379 2956 attonita
393 2897 499 2970 fertur,
513 2905 579 2956 tota
592 2904 641 2955 vix
656 2902 728 2957 satis
743 2905 790 2957 est
804 2898 919 2956 domus.

247 2983 383 3050 incurrit,
399 2987 488 3050 errat,
503 2983 592 3051 sistit,
607 2984 640 3037 in
654 2980 753 3038 voltus
768 2979 853 3037 dolor

247 3064 394 3137 processit
408 3064 514 3131 omnis
528 3065 643 3136 pectori
657 3080 755 3137 paene
770 3065 878 3118 intimo

637 3203 647 3234 ¹
664 3203 775 3269 Lyaeus.

249 3293 308 3344 202
