2556 3844
374 299 463 357 THE
490 298 730 356 TRAGEDIES
758 297 813 355 OF
841 297 1003 356 SENECA

235 416 317 473 credi
331 436 499 474 novercam.
543 419 604 472 sive
619 422 764 471 nascente
780 413 915 471 Hercule
1063 420 1142 471 1500

233 525 294 562 nox
308 506 359 564 illa
374 515 457 565 certa
471 514 518 563 est
532 509 593 562 sive
608 503 743 562 mortalis
757 524 843 561 meus

233 604 321 672 pater
334 596 497 655 est—licet
511 600 550 653 sit
564 595 639 652 falsa
653 599 814 671 progenies
829 594 912 665 mei,l

234 690 330 743 merui
345 695 504 763 parentem
517 706 524 754 ;
545 686 661 742 contuli
673 684 757 741 caelo
772 684 866 742 decus

233 784 391 853 materque
405 797 455 834 me
470 780 611 852 concepit
625 779 657 832 in
671 774 778 832 laudes
794 775 881 831 lovis.

233 870 307 943 quin
321 870 396 943 ipse,
410 886 592 943 quamquam
608 865 755 942 luppiter,
772 865 854 922 credi
868 885 954 923 meus

194 1023 197 1028 ,
231 964 320 1033 pater
334 976 400 1014 esse
414 957 537 1033 gaudet.
580 976 670 1033 parce
685 960 744 1011 iam
758 955 898 1026 lacrimis,
912 975 1021 1032 parens
1034 976 1041 1025 ;

232 1048 362 1123 superba
376 1056 489 1105 matres
505 1051 587 1104 inter
601 1045 756 1121 Argolicas
772 1050 838 1103 eris.

231 1135 305 1212 quid
318 1136 381 1194 tale
397 1137 474 1193 Iuno
490 1140 598 1213 genuit
611 1135 782 1193 aetherium
797 1154 906 1212 gerens
933 1196 936 1201 ⁴

230 1235 385 1303 sceptrum
399 1234 432 1284 et
446 1227 578 1284 Tonanti
592 1226 709 1302 nupta?
750 1224 871 1282 mortali
885 1233 990 1282 tamen
1059 1232 1136 1282 1510
1216 1251 1243 1289 ,-

231 1315 349 1373 caelum
363 1325 473 1375 tenens
486 1316 605 1387 invidit,
621 1314 752 1372 Alciden
766 1334 855 1372 suum

231 1406 291 1462 dici
306 1425 372 1464 esse
386 1406 490 1464 voluit.

503 1494 618 1571 Perage
632 1514 724 1563 nunc,
738 1494 840 1565 Titan,
853 1497 935 1552 vices
1028 1564 1031 1569 Δ

230 1582 313 1641 solus
327 1583 470 1652 relictus;
491 1582 543 1639 ille
557 1587 609 1659 qui
623 1591 725 1641 vester
737 1603 838 1641 comes

230 1673 342 1749 ubique
359 1671 487 1742 fueram,
502 1672 627 1729 Tartara
642 1680 674 1730 et
688 1692 792 1730 manes
810 1682 891 1750 peto.

229 1763 308 1820 hanc
322 1771 426 1821 tamen
440 1762 480 1820 ad
493 1766 568 1820 imos
582 1761 733 1840 perferam
747 1763 869 1821 laudem
884 1763 1042 1835 inclutam,

229 1852 310 1929 quod
325 1852 409 1910 nulla
423 1857 517 1929 pestis
532 1851 612 1911 fudit
627 1852 758 1910 Alciden
772 1852 871 1928 palam

229 1961 414 2020 omnemque
427 1951 548 2020 pestem
563 1947 635 2000 vicit
648 1942 772 2000 Alcides
786 1943 894 2019 palam.

624 2174 738 2212 CHORVS

391 2260 419 2318 Ο
434 2261 528 2319 decus
542 2261 658 2331 mundi,
673 2262 789 2320 radiate
804 2264 906 2335 Titan,

350 2355 434 2409 cuius
448 2351 487 2409 ad
501 2356 613 2428 primos
629 2352 749 2411 Hecate
764 2373 889 2430 vapores

348 2441 425 2498 lassa
438 2450 604 2499 nocturnae
619 2442 700 2500 levat
714 2463 765 2499 ora
780 2445 879 2520 bigae,
1009 2430 1014 2439 ’
1055 2450 1134 2501 1520

349 2531 398 2588 dic
413 2533 469 2589 sub
485 2532 601 2588 Aurora
616 2537 721 2609 positis
736 2533 867 2604 Sabaeis,

348 2622 396 2678 dic
411 2623 467 2678 sub
482 2641 588 2680 occasu
604 2627 709 2699 p'ositis
725 2622 861 2693 Hiberis,

349 2715 461 2789 quique
476 2712 531 2768 sub
545 2711 680 2788 plaustro
695 2717 853 2789 patiuntur
868 2731 954 2769 ursae

346 2805 459 2877 quique
473 2800 606 2859 ferventi
620 2806 799 2879 quatiuntur
813 2822 879 2873 axe,

345 2889 394 2946 dic
408 2892 464 2949 sub
478 2899 619 2949 aeternos
633 2911 795 2968 properare
809 2911 915 2948 manes

258 2993 267 3023 ¹
284 2994 337 3043 Leo
349 2996 439 3045 deletes
451 2996 467 3045 l.
482 3000 564 3047 1503.Ι
581 3002 701 3047 materna
713 2998 791 3062 eulpa
803 3003 888 3048 cesset
900 3002 928 3047 et
939 2998 1038 3047 crimen
1050 2998 1132 3050 Iovis.

257 3111 274 3142 ¹'
284 3112 324 3177 By
336 3112 445 3180 bearing
457 3116 521 3164 such
533 3132 549 3164 a
561 3132 608 3164 son
619 3120 648 3164 to
659 3115 736 3176 Jove,
756 3117 884 3166 Alcmena
901 3117 924 3165 io
940 3117 1040 3181 proved
1056 3120 1087 3166 to
1098 3116 1133 3167 be

224 3177 279 3227 real
292 3179 361 3239 wife,
375 3179 427 3228 and
439 3180 458 3230 J
459 3197 512 3229 uno
525 3181 572 3230 the
584 3181 711 3231 mistress.

224 3259 283 3319 306
