2556 3844
348 294 437 356 THE
465 294 703 358 TRAGEDIES
731 301 786 359 OF
813 296 973 359 SENECA

207 423 312 473 exerta
326 423 425 473 vastos
439 417 533 473 ubera
546 420 577 472 in
591 416 731 492 planctus
742 416 823 487 ferit,
1031 414 1108 477 1670

148 502 150 506 ’
206 516 390 573 superosque
406 506 438 555 et
453 502 550 573 ipsum
563 499 685 555 vocibus
700 498 823 574 pulsans
844 499 947 555 lovem

206 578 345 655 implevit
360 599 481 635 omnem
496 599 568 636 voce
583 579 715 637 feminea
728 579 836 636 locum.

207 658 373 716 “deforme
388 660 494 731 letum,
509 669 616 732 mater,
631 660 821 718 Herculeum
835 661 926 729 facis3

206 761 365 816 compesce
378 741 514 797 lacrimas
524 742 541 761 '²
556 746 664 819 inquit,
680 747 855 800 “introrsus
870 742 956 799 dolor

206 821 356 879 femineus
370 824 467 879 abeat.
513 823 589 880 Iuno
604 843 656 880 cur
670 824 784 881 laetum
798 823 881 881 diem

206 911 239 960 te
253 903 346 960 flente
361 904 474 961 ducat?
515 904 637 979 paelicis
652 905 767 981 gaudet
781 925 853 963 suae

207 992 344 1061 spectare
358 984 502 1042 lacrimas.
547 990 710 1061 comprime
724 987 877 1043 infirmum
895 991 987 1057 iecur,

206 1074 322 1132 mater;
344 1065 428 1123 nefas
444 1074 492 1123 est
506 1068 598 1124 ubera
612 1076 704 1144 atque
719 1076 841 1125 uterum
856 1069 913 1125 tibi

206 1146 329 1218 laniare,
345 1151 396 1224 qui
410 1168 459 1204 me
474 1148 611 1224 genuit.''
655 1157 687 1206 et
701 1149 801 1206 dirum
816 1149 959 1220 fremens

206 1228 302 1305 qualis
316 1248 371 1305 per
386 1231 474 1286 urbes
489 1229 576 1287 duxit
591 1230 747 1307 Argolicas
762 1251 878 1302 canem,
1032 1229 1109 1289 1680

206 1330 275 1366 cum
289 1315 385 1367 victor
400 1311 492 1368 Erebi
507 1311 580 1368 Dite
595 1320 771 1388 contempto
785 1312 866 1370 redit

169 1462 171 1466 v
205 1399 359 1449 tremente
374 1392 446 1462 fato,
461 1392 530 1449 talis
544 1395 682 1451 incubuit
701 1413 781 1470 rog0.

206 1477 272 1551 quis
287 1477 329 1531 sic
343 1473 534 1551 triumphans
548 1474 645 1531 laetus
660 1479 692 1531 in
706 1495 794 1532 curru
810 1480 898 1533 stetit

205 1557 321 1612 victor?
364 1559 430 1633 quis
444 1554 496 1611 illo
511 1556 654 1631 gentibus
669 1555 752 1613 voltu
767 1556 855 1614 dedit

206 1635 290 1712 leges
304 1637 472 1713 tyrannus?
514 1644 627 1714 quanta
641 1657 699 1712 pax
714 1637 851 1695 habitum
866 1637 955 1696 tulit!
1013 1709 1016 1715 μ

205 1717 330 1775 haesere
344 1717 494 1789 lacrimae,
510 1717 622 1775 cecidit
635 1718 780 1794 impulsus
794 1719 880 1777 dolor

206 1799 292 1856 nobis
307 1810 427 1877 quoque
441 1803 523 1875 ipsis,
538 1796 629 1856 hemo
643 1804 812 1876 periturum
826 1805 964 1877 ingemit.

205 1883 265 1935 iam
278 1879 350 1938 flere
365 1880 462 1956 pudor
477 1889 543 1950 est3
563 1885 628 1957 ipsa
643 1901 733 1958 quam
748 1901 836 1939 sexus
850 1884 936 1940 iubet

205 1980 349 2031 maerere,
364 1966 449 2019 siccis
464 1962 562 2020 haesit
578 1963 725 2020 Alcmene
740 1968 827 2040 genis
1076 2015 1081 2027 .

98 2062 100 2065 ·
206 2046 353 2118 stetitque
368 2052 441 2100 nato
455 2063 553 2118 paene
567 2048 627 2101 iam
641 2044 745 2103 similis
759 2065 876 2121 parens.
1032 2042 1107 2110 1690

601 2287 714 2326 CHORVS

247 2377 392 2437 Nullasne
406 2383 438 2437 in
452 2389 532 2439 astra
545 2386 628 2440 misit
641 2383 680 2440 ad
694 2402 817 2459 superos
832 2392 937 2461 pre'ces

204 2481 323 2519 arsurus
337 2469 390 2519 aut
403 2467 435 2519 in
449 2472 519 2520 vota
533 2469 667 2540 respexit
683 2465 809 2522 lovem?

557 2693 754 2732 PHILOCTETES

246 2785 344 2843 lacuit
358 2791 403 2844 sui
418 2807 539 2846 securus
555 2798 587 2847 et
602 2790 718 2847 caelum
732 2794 855 2847 intuens

205 2871 352 2943 quaesivit
366 2868 469 2940 oculis,
484 2879 570 2947 parte
585 2892 624 2928 an
639 2892 677 2929 ex
691 2871 790 2949 aliqua
804 2879 891 2947 pater

204 2947 376 3025 despiceret
389 2950 482 3008 illum.
526 2960 593 3010 tum
607 2973 713 3011 manus
727 2953 859 3011 tendens
873 2957 934 3010 ait:

205 3035 225 3062 “
235 3048 424 3109 quacumque
438 3041 525 3108 parte
539 3038 683 3111 prospicis
697 3043 803 3092 natum
818 3042 905 3111 pater

204 3112 275 3187 (iste
290 3120 338 3168 est
349 3120 445 3189 pater,
461 3119 509 3171 cui
523 3124 614 3173 nocte
629 3120 786 3174 commissa
799 3117 864 3174 dies

205 3273 263 3325 318
