2544 3862
373 314 462 372 THE
489 313 729 372 TRAGEDIES
758 313 813 372 OF
840 313 1001 372 SENECA

232 453 272 489 an
286 439 319 489 et
333 435 407 507 ipsa,
421 431 536 507 palmas
550 434 651 488 vincta
665 437 734 506 post
747 436 870 506 tergum
884 428 980 501 datas,

233 529 332 579 mater
345 519 492 597 triumphi
506 519 618 597 praeda
632 518 759 577 fraterni
777 518 893 576 vehar?

233 620 362 689 potesne
377 616 457 668 cives
472 610 536 668 leto
550 617 583 667 et
597 614 690 667 exitio
705 609 792 667 datos

233 702 336 760 videre
350 702 484 777 passim?
525 701 684 758 moenibus
698 704 772 756 caris
786 706 874 775 potes
1078 705 1138 757 580

233 792 353 849 hostem
367 790 538 863 admovere,
553 794 700 867 sanguine
716 799 748 848 et
762 790 880 846 flamma
893 796 981 866 potes

233 881 360 957 implere
375 880 518 940 Thebas?
561 890 625 939 tam
640 881 722 939 ferus
736 880 846 938 durum
860 885 940 956 geris

233 991 415 1049 saevumque
430 976 461 1028 in
476 976 534 1029 iras
548 973 679 1048 pectus?
721 978 754 1028 et
768 971 904 1028 nondum
917 974 1087 1046 imperas-

233 1062 307 1140 quid
321 1070 441 1139 sceptra
454 1061 589 1120 facient?
631 1080 711 1137 pone
731 1080 883 1131 vaesanos,
898 1079 1014 1136 precor,

233 1156 325 1209 animi
340 1162 473 1211 tumores
487 1159 581 1230 teque
596 1154 704 1228 pietati
723 1150 811 1208 refer.

604 1352 764 1392 Potvmcns

274 1443 316 1500 Vt
329 1442 474 1519 profugus
489 1444 608 1500 errem?
630 1461 750 1518 semper
764 1449 798 1498 ut
812 1443 910 1517 patria
923 1460 1025 1498 arcear

233 1552 383 1609 opemque
397 1536 499 1608 gentis
513 1531 623 1607 hospes
638 1539 782 1589 externae
797 1532 926 1608 sequar?

232 1622 306 1699 quid
321 1628 444 1698 paterer
458 1620 551 1690 aliud,
565 1624 589 1678 si
603 1620 780 1678 fefellissem
795 1619 909 1678 fidem?

233 1716 258 1770 si
271 1713 475 1787 peierassem?
516 1710 629 1769 fraudis
643 1711 760 1768 alienae
774 1710 854 1768 dabo

232 1822 355 1879 poenas,
370 1809 402 1859 at
415 1802 467 1860 ille
482 1805 650 1879 praemium
664 1800 812 1858 scelerum
826 1800 926 1858 feret?
1078 1808 1137 1867 590

233 1893 319 1950 iubes
332 1893 434 1961 abire3
454 1896 559 1950 matris
573 1896 700 1968 imperio
714 1891 871 1968 obsequor.

233 1983 272 2039 da
286 2002 346 2059 quo
359 1990 501 2040 revertar.
544 1986 628 2059 regia
638 1981 732 2038 frater
744 1999 813 2038 mea

234 2072 353 2129 habitet
367 2071 524 2147 superbus,
539 2091 630 2147 parva
643 2089 693 2127 me
707 2069 873 2127 abscondat
888 2089 965 2141 casa,

234 2161 312 2218 hanc
327 2161 399 2218 date
414 2161 544 2237 repulso,
558 2161 649 2217 liceat
663 2163 773 2236 exiguo
790 2160 853 2216 lare

233 2270 361 2328 pensare
375 2270 512 2326 regnum.
555 2253 675 2326 coniugi
690 2248 804 2306 donum
818 2249 908 2307 datus

233 2342 356 2398 arbitria
370 2340 496 2398 thalami
509 2340 585 2398 dura
598 2339 695 2397 felicis
709 2339 805 2397 feram

234 2431 417 2508 humilisque
432 2451 569 2488 socerum
583 2430 644 2487 lixa
657 2430 866 2488 dominantem
880 2431 1011 2506 sequar?

233 2524 266 2577 in
281 2525 461 2579 servitutem
475 2520 583 2578 eadere
598 2520 637 2577 de
652 2539 747 2597 regno
761 2539 852 2597 grave
866 2526 922 2577 est.

627 2730 746 2769 locAsTA

275 2818 307 2877 Si
322 2839 416 2896 regna
429 2823 547 2897 quaeris
562 2839 619 2877 nee
633 2827 736 2896 potest
749 2825 869 2895 seeptro
882 2838 988 2875 manus

234 2930 339 2968 vacare
354 2930 454 2982 saevo,
467 2910 564 2969 multa
578 2929 654 2988 quae
669 2917 795 2986 possunt
809 2913 874 2985 peti
1077 2906 1137 2966 600

234 3002 267 3056 in
281 3001 354 3058 orbe
370 3008 435 3058 toto
450 3001 604 3078 quaelibet
618 2998 710 3057 tellus
724 2998 817 3055 dabit.

234 3088 307 3147 hine
321 3098 394 3148 nota
409 3089 527 3148 Baccho
542 3089 665 3147 Tmolus
678 3088 794 3146 attollit
806 3091 877 3164 iuga

235 3199 295 3256 qua
308 3180 370 3237 lata
383 3183 471 3237 terris
486 3183 583 3255 spatia
596 3178 748 3255 frugiferis
762 3181 873 3248 iacent,

236 3283 295 3343 390
