2544 3862
349 253 438 311 THE
466 252 706 312 TRAGEDIES
734 254 789 312 OF
817 254 980 312 SENECA

207 371 291 428 illinc
305 378 338 428 et
351 370 424 426 hine
438 372 566 427 miseere
580 373 740 445 cupientes
753 388 861 427 manus

207 478 316 536 librata
329 477 438 535 dextra
451 476 515 534 tela
528 495 674 552 suspensa
687 484 805 534 tenent.

207 590 274 662 paci
288 584 416 654 favetur,
432 587 566 640 omnium
580 581 694 639 ferrum
708 587 788 640 iacet

208 697 343 748 cessatve
357 697 494 757 tectum3
514 690 614 747 vibrat
629 693 661 745 in
674 688 803 746 fratrum
816 709 917 747 manu.

207 796 320 853 laniata
334 816 423 852 canas
437 803 536 852 mater
549 794 684 853 ostendit
698 816 807 867 eomas,
1055 799 1114 855 440

209 911 296 979 rogat
309 903 490 973 abnuentes,
505 906 617 978 inrigat
630 901 705 960 fletu
723 922 827 978 genas.

209 1030 322 1088 negare
337 1013 436 1081 matri,
450 1013 503 1086 qui
518 1009 570 1066 diu
584 1007 715 1080 dubitat,
730 1017 841 1085 potest.

600 1231 720 1269 locas'rA

251 1335 288 1392 In
302 1354 352 1391 me
367 1353 449 1390 arma
464 1339 498 1389 et
511 1336 598 1408 ignes
612 1336 734 1402 vertite,
748 1337 780 1389 in
795 1354 844 1391 me
860 1339 957 1393 omnis
972 1345 1039 1394 ruat

209 1461 301 1498 unam
315 1445 456 1496 iuventus
470 1457 610 1514 quaeque
623 1440 665 1495 ab
678 1438 802 1496 Inachio
817 1446 902 1500 venit

209 1550 343 1604 animosa
357 1563 442 1601 muro
456 1562 595 1621 quaeque
609 1543 756 1601 Thebana
769 1545 855 1603 ferox

210 1650 371 1710 descendit
384 1669 473 1719 arce3
494 1653 566 1708 civis
580 1658 673 1727 atque
688 1650 783 1710 hostis
797 1654 886 1712 simul

209 1760 292 1817 hune
305 1762 404 1836 petite
418 1765 567 1828 ventrem,
582 1760 634 1836 qui
648 1758 736 1816 dedit
750 1758 843 1818 frates
858 1766 929 1818 viro.

209 1867 285 1924 haee
299 1867 435 1924 membra
448 1869 558 1942 passim
573 1869 707 1942 spargite
721 1887 756 1924 ac
770 1866 916 1926 divellite.

210 1994 269 2051 ego
282 1982 446 2051 utrumque
461 1977 720 2050 peperi-ponitis
735 1972 850 2032 sermm
864 1978 968 2033 ocius?

108 2082 112 2090 '
210 2102 248 2137 an
263 2080 331 2137 dico
346 2089 379 2137 et
393 2100 431 2136 ex
445 2082 526 2156 quo?
568 2081 709 2137 dexteras
723 2081 909 2154 metridate,
1053 2091 1113 2142 450

210 2187 282 2244 date
296 2186 370 2244 dum
384 2189 452 2261 piae
467 2193 546 2243 sunt.
590 2204 672 2242 error
685 2190 795 2244 invitos
808 2187 908 2245 adhue

210 2293 284 2352 fecit
298 2300 453 2363 nocentes
469 2312 559 2349 omne
575 2292 727 2350 Fortunae
741 2293 800 2351 fuit

210 2404 364 2478 peccantis
379 2403 411 2456 in
426 2419 480 2457 nos
496 2403 609 2456 crimen
622 2418 630 2467 ;
651 2399 708 2456 hoe
723 2404 854 2476 primum
868 2401 954 2460 nefas

209 2512 291 2565 inter
305 2511 436 2564 scientes
450 2509 573 2582 geritur.
617 2509 649 2562 in
664 2514 763 2564 vestra
776 2527 868 2565 manu
884 2518 940 2581 est,

210 2622 313 2672 utrum
328 2612 445 2671 veiitis:
468 2621 571 2670 saneta
586 2618 610 2671 si
625 2618 723 2690 pietas
737 2615 849 2692 placet,

211 2721 324 2779 donate
338 2723 427 2778 matri
442 2720 568 2797 pacem1
582 2740 589 2789 ;
611 2725 636 2778 si
650 2721 765 2797 placuit
779 2721 887 2793 scelus,

210 2831 306 2885 maius
320 2834 459 2903 paratum
473 2826 662 2883 est—media
677 2847 709 2885 se
724 2832 851 2904 opponit
864 2849 981 2905 parens

211 2934 337 3011 proinde
352 2933 467 2991 bellum
481 2934 582 2992 tollite
597 2943 650 2992 aut
664 2935 737 2992 belli
752 2956 875 2994 moram.

242 3064 252 3095 ¹
268 3064 302 3115 So
314 3066 366 3115 Leo
377 3066 432 3114 aad
443 3065 556 3125 Richter,
566 3064 627 3113 with
639 3086 657 3113 ω
666 3082 675 3113 .·
692 3066 771 3115 matri
780 3070 861 3130 pacta
874 3068 905 3117 L.
919 3070 951 3118 M
953 3070 1017 3118 aller
1024 3086 1033 3119 ,·
1049 3071 1113 3122 date

210 3147 283 3180 arma
295 3132 379 3180 matri
387 3146 465 3180 saeva
480 3130 587 3181 Tochari
595 3146 603 3179 :
620 3130 727 3181 domate
739 3131 855 3182 Martem
868 3149 933 3197 pace
947 3135 986 3185 M.
996 3136 1102 3187 Mitller.

210 3223 268 3274 380
