2544 3862
544 747 802 822 OCTAVIA

609 967 733 1007 ocTAvlh

424 1056 483 1113 Ian
498 1076 574 1132 vaga
587 1054 671 1112 caelo
685 1054 783 1112 sidera
797 1054 919 1132 fulgens

384 1138 500 1195 Aurora
514 1136 611 1213 fugat,
625 1140 723 1213 surgit
736 1136 827 1193 Titan

383 1219 521 1277 radiante
535 1237 620 1275 coma
632 1218 808 1295 mundoque
821 1217 902 1275 diem

384 1299 486 1358 reddit
500 1300 621 1356 clarum.

383 1402 451 1458 age,
464 1389 513 1440 tot
526 1385 620 1439 tantis
634 1388 760 1438 onerata
772 1379 869 1451 malis,

384 1470 490 1541 repete
504 1469 639 1520 assuetos
653 1466 713 1518 iam
727 1463 783 1519 tibi
797 1469 923 1539 questus

383 1553 475 1622 atque
489 1562 653 1621 aequoreas
666 1547 754 1600 vince
769 1542 928 1620 Alcyonas,

384 1630 470 1683 vinee
486 1633 518 1683 et
532 1624 668 1682 volueres
684 1623 882 1693 Pandionias3

384 1711 502 1784 gravior
515 1725 647 1783 namque
661 1705 709 1763 his
723 1704 845 1763 fortuna
858 1713 912 1763 tua
926 1714 982 1764 est.

383 1807 513 1864 semper,
527 1791 677 1864 genetrix,
691 1785 832 1844 deflenda
845 1786 929 1857 mihi,
1089 1792 1125 1841 10

383 1873 479 1948 prima
493 1889 630 1927 meorum
644 1887 732 1926 causa
746 1868 902 1940 malorum,

384 1956 487 2010 tristes
501 1958 627 2029 questus
640 1958 731 2007 natae
746 1949 866 2021 exaudi,

384 2037 408 2091 si
422 2036 489 2110 quis
504 2040 642 2090 remanet
655 2051 760 2089 sensus
774 2034 805 2087 in
821 2028 942 2091 umbris.

383 2118 501 2171 utinam
515 2121 588 2171 ante
602 2133 694 2170 manu
708 2111 880 2188 grandaeva
894 2131 947 2169 sua

383 2215 452 2251 mea
465 2198 596 2272 rupisset
610 2198 739 2252 stamina
754 2193 872 2264 Clotho,

337 2330 341 2334 .
383 2283 437 2333 tua
451 2296 541 2353 quam
556 2294 694 2333 maerens
708 2274 833 2332 vulnera
847 2275 910 2332 vidi

383 2376 495 2434 oraque
510 2356 600 2414 foedo
614 2375 715 2433 sparsa
729 2356 851 2414 cruore!

384 2459 402 2495 o
415 2438 468 2495 lux
482 2457 602 2516 semper
615 2437 737 2496 funesta
750 2436 834 2508 mihi,

383 2528 521 2595 tempore
535 2520 574 2576 ab
587 2518 640 2575 illo

382 2601 435 2658 lux
450 2620 482 2658 es
496 2601 631 2658 tenebris
644 2603 739 2657 invisa
753 2600 867 2675 magis!
1086 2606 1125 2656 20

384 2682 509 2740 tulimus
524 2701 630 2739 saevae
644 2686 724 2739 iussa
738 2700 896 2752 novercae,

383 2762 526 2821 hostilem
540 2766 674 2820 animum
688 2762 850 2839 vultusque
864 2769 973 2819 truces.

384 2843 437 2901 illa
450 2842 502 2900 illa
515 2848 591 2901 meis
604 2847 699 2901 tristis
713 2843 823 2921 Erinys

384 2923 524 2983 thalamis
538 2923 661 3002 Stygios
674 2923 820 3002 praetulit
835 2927 923 3001 ignes

384 3014 478 3083 teque
492 3010 634 3078 extinxit,
646 3005 818 3064 miserande
832 3012 929 3081 pater,

383 3087 475 3145 modo
489 3091 537 3145 cui
550 3094 634 3145 totus
648 3091 749 3163 paruit
762 3088 842 3145 orbis

384 3169 464 3227 ultra
479 3169 636 3226 Oceanum
