2544 3862
378 303 466 370 THE
493 299 733 371 TRAGEDIES
762 302 817 369 OF
846 300 1009 369 SENECA

444 429 531 485 Haec
545 446 666 504 quoque
680 430 745 485 nati
759 425 862 484 videre
876 424 962 484 nefas

401 509 520 567 saecula
533 527 688 584 magnum,
703 528 773 564 cum
789 506 981 583 Tyrrhenum

400 598 466 649 rate
481 589 568 647 ferali
581 592 723 666 princeps
738 596 858 665 captam

400 671 506 728 fraude
520 679 680 746 parentem
695 674 777 727 misit
791 674 822 726 in
837 689 957 746 aequor.

400 760 565 829 properant
578 750 712 828 placidos
726 751 864 827 linquere
876 759 981 827 portus

400 838 472 890 iussi
485 842 606 903 nautae,
621 839 765 890 resonant
778 836 870 889 remis

400 914 518 992 pulsata
532 913 618 971 freta.

400 995 498 1054 fertur
511 999 543 1051 iu
556 995 653 1051 altum
666 1003 809 1071 provecta
824 996 905 1065 ratis,

400 1097 478 1154 quae
492 1075 626 1133 resoluto
639 1077 746 1133 robore
762 1075 868 1133 labens

401 1177 503 1234 pressa
517 1156 647 1215 dehiscit
661 1158 824 1234 sorbetque
838 1174 929 1214 mare.

398 1239 516 1298 tollitur
529 1243 639 1315 ingens
653 1238 765 1295 clamor
778 1237 817 1295 ad
831 1246 911 1296 astra

400 1341 469 1378 cum
483 1320 616 1378 femineo
630 1323 743 1377 mixtus
758 1319 892 1396 planctu.

399 1421 479 1459 mors
493 1409 565 1459 ante
580 1400 682 1459 oculos
696 1399 761 1458 dira
775 1408 902 1476 vagatur
914 1419 922 1468 ;

399 1487 518 1560 quaerit
532 1482 588 1539 leti
602 1483 659 1539 sibi
673 1486 801 1559 quisque
814 1481 937 1557 fugam3

399 1563 449 1621 alii
463 1562 580 1621 lacerae
594 1568 704 1640 puppis
718 1563 829 1621 tabulis

398 1644 527 1702 haerent
540 1644 615 1702 nudi
629 1645 798 1722 fluctusque
812 1652 926 1717 secant,

398 1734 545 1804 repetunt
558 1726 608 1782 alii
623 1725 711 1784 litora
725 1734 835 1784 nantes
846 1745 854 1794 ;

397 1808 509 1865 multos
522 1815 667 1884 mergunt
680 1807 743 1864 fata
757 1806 916 1884 profundo.

398 1887 510 1947 scindit
523 1897 624 1947 vestes
637 1889 778 1966 Augusta
792 1908 860 1947 suas

397 1971 571 2047 laceratque
586 1990 689 2028 comas
699 1973 779 2048 rigat
793 1978 826 2028 et
840 1974 964 2028 maestis

396 2051 517 2110 fletibus
531 2071 590 2109 ora.
766 2051 770 2056 ’

438 2132 601 2210 Postquam
615 2152 684 2209 spes
698 2140 746 2191 est
759 2131 843 2191 nulla
862 2131 976 2203 salutis,

397 2213 506 2271 ardens
520 2218 573 2285 ira,
586 2217 646 2270 iam
660 2217 740 2270 victa
753 2214 858 2271 malis:

397 2301 417 2328 “
426 2295 501 2352 haec
511 2295 527 2315 ”
543 2294 693 2352 exclamat
706 2301 725 2327 “
735 2293 810 2351 mihi
824 2314 879 2371 pro
888 2302 976 2352 tanto

396 2395 522 2433 munere
536 2375 638 2433 reddis
652 2380 795 2452 praemia,
810 2376 905 2433 nate?

395 2456 453 2513 hac
467 2476 542 2527 sum,
557 2456 664 2527 fateor,
678 2458 772 2534 digna
785 2462 894 2527 carina,

396 2557 473 2614 quae
487 2545 520 2595 te
535 2541 637 2614 genui,
652 2558 730 2615 quae
743 2538 801 2596 tibi
814 2538 914 2595 lucem

395 2626 488 2695 atque
502 2618 662 2695 imperium
676 2638 850 2697 nomenque
863 2619 936 2677 dedi
1022 2628 1024 2633 ’

396 2699 530 2756 Caesaris
543 2719 656 2757 amens.
700 2720 790 2758 exere
804 2700 906 2759 vultus

395 2779 572 2838 Acheronte
585 2789 654 2838 tuos
669 2786 834 2859 poenisque
847 2786 923 2839 meis

394 2881 528 2938 pascere,
541 2866 690 2932 coniunx3
865 2870 868 2876 '

395 2963 453 3019 ego
467 2963 556 3001 causa
569 2951 651 3015 tuae,
665 2944 846 3015 miserande,
860 2949 943 3002 necis

394 3032 528 3102 natoque
542 3033 596 3083 tuo
610 3025 724 3083 funeris
738 3034 844 3084 auctor

394 3126 444 3176 en,
457 3114 497 3164 ut·
506 3111 613 3177 merui,
628 3106 708 3164 ferar
721 3107 760 3164 ad
773 3127 878 3165 manes

393 3186 551 3245 inhumata
564 3196 643 3258 tuos,
657 3189 764 3246 obruta
778 3192 874 3246 saevis

393 3273 530 3345 aequoris
545 3268 663 3326 undis.”
