2514 3828
360 325 449 385 THE
476 325 717 385 TRAGEDIES
745 326 801 385 OF
829 326 988 385 SENECA

619 476 728 516 sauses

262 538 390 598 Excelsa
403 542 523 598 metuit.

635 691 715 731 usao

530 779 601 837 Non
615 783 715 838 minus
730 783 827 857 carpit
840 786 953 837 tamen.

617 990 726 1029 SENECA

262 1077 361 1136 Facile
375 1082 571 1155 opprimetur.
614 1082 724 1136 merita
737 1085 770 1135 te
785 1077 848 1135 divi
860 1081 954 1154 patris

219 1166 363 1236 aetasque
378 1158 500 1237 frangat
514 1163 660 1237 coniugis,
674 1160 808 1237 probitas
822 1159 927 1236 pudor.

632 1385 712 1425 NERO

260 1488 383 1546 Desiste
398 1487 533 1558 tandem,
548 1491 608 1545 iam
623 1491 722 1564 gravis
735 1490 863 1543 nimium
877 1486 963 1558 mihi,

218 1574 332 1628 instare
344 1587 352 1637 ;
372 1568 464 1626 liceat
478 1568 577 1626 facere
592 1568 673 1645 quod
688 1567 805 1625 Seneca
818 1569 977 1644 improbat.

218 1654 278 1706 iam
293 1649 411 1727 pridem
426 1658 459 1707 et
473 1654 538 1726 ipse
553 1657 624 1707 vota
639 1648 797 1725 Poppaeae
811 1649 932 1719 moror,l
1002 1697 1005 1704 .
1064 1655 1123 1715 590

219 1750 288 1788 eum
303 1738 405 1807 portet
419 1738 507 1789 utero
520 1733 631 1807 pignus
645 1737 679 1788 et
691 1737 810 1806 partem
824 1734 893 1789 mei.

218 1815 293 1890 quin
307 1812 495 1871 destinamus
507 1816 678 1889 proximum
692 1810 834 1870 thalamis
848 1811 952 1870 diem?

590 2035 751 2075 AGRIPPINA

259 2136 381 2194 Tellure
395 2143 484 2213 rupta
498 2136 623 2195 Tartaro
637 2155 775 2213 gressum
789 2135 895 2209 extuli,

218 2218 357 2296 Stygiam
370 2225 497 2275 cruenta
509 2216 685 2294 praeferens
699 2217 807 2274 dextra
821 2216 919 2276 facem

218 2298 358 2357 thalamis
373 2298 516 2357 scelestis.
559 2299 655 2355 nubat
669 2297 716 2356 his
730 2298 855 2356 flammis
870 2318 939 2356 meo

219 2380 359 2457 Poppaea
373 2388 446 2437 nato
460 2383 573 2450 iuncta,
588 2399 662 2457 quas
677 2379 789 2437 vindex
802 2400 909 2438 manus

217 2462 363 2539 dolorque
378 2465 482 2519 matris
496 2468 597 2519 vertet
610 2460 649 2519 ad
664 2465 767 2519 tristes
781 2480 877 2538 rogos.

217 2552 322 2601 manet
336 2547 417 2600 inter
431 2543 551 2600 umbras
564 2546 675 2619 impiae
690 2542 790 2600 caedis
804 2541 879 2599 mihi

217 2644 338 2701 semper
351 2627 506 2695 memoria,
519 2625 658 2682 manibus
672 2628 783 2682 nostris
796 2628 896 2700 gravis

216 2705 316 2764 adhuc
331 2704 444 2762 inultis.
487 2703 608 2762 reddita
622 2712 669 2763 est
683 2708 799 2764 meritis
813 2709 889 2762 meis
1062 2703 1122 2764 600

217 2784 338 2844 funesta
352 2804 468 2843 merces
482 2790 592 2862 puppis
607 2793 640 2843 et
653 2790 786 2863 pretium
800 2790 908 2864 imperi

217 2887 277 2924 nox
290 2866 342 2924 illa
356 2887 416 2945 qua
429 2866 586 2944 naufragia
600 2865 708 2924 deflevi
722 2887 790 2925 mea
802 2886 810 2935 3

217 2953 362 3007 comitum
376 2968 483 3007 necem
497 2952 623 3026 natique
638 2948 767 3005 erudelis
781 2946 867 3005 nefas

215 3027 327 3087 deflere
342 3037 447 3087 votum
460 3028 684 3088 fuerat-haud
698 3036 820 3105 tempus
836 3028 942 3086 datum
958 3037 1005 3087 est

250 3134 258 3165 ¹
275 3134 309 3185 So
326 3134 472 3184 Buecheler.
509 3135 562 3184 Leo
572 3135 650 3183 reoda
667 3139 695 3184 et
706 3134 763 3198 ipse
793 3133 866 3198 opuli
878 3135 1005 3184 votalem
1017 3116 1120 3199 pridem

217 3216 313 3250 moror.
347 3199 473 3265 populiis
485 3198 628 3263 impossible
640 3198 669 3249 in
679 3199 741 3249 vieto
753 3150 832 3263 odite
843 3207 903 3250 neat
914 3200 974 3251 line.

217 3288 275 3340 458
