<?xml version="1.0" encoding="UTF-8"?>
<!DOCTYPE html PUBLIC "-//W3C//DTD XHTML 1.0 Transitional//EN"
    "http://www.w3.org/TR/xhtml1/DTD/xhtml1-transitional.dtd">
<html xmlns="http://www.w3.org/1999/xhtml" xml:lang="en" lang="en">
 <head>
  <title>
</title>
<meta http-equiv="Content-Type" content="text/html;charset=utf-8" />
  <meta name='ocr-system' content='tesseract 3.04.00' />
  <meta name='ocr-capabilities' content='ocr_page ocr_carea ocr_par ocr_line ocrx_word'/>
</head>
<body>
  <div class='ocr_page' id='page_1' title='image "./senecastragedie01millgoog_0375.png"; bbox 0 0 2544 3862; ppageno 0'>
   <div class='ocr_carea' id='block_1_1' title="bbox 355 283 985 345">
    <p class='ocr_par' dir='ltr' id='par_1_1' title="bbox 355 283 985 345">
     <span class='ocr_line' id='line_1_1' title="bbox 355 283 985 345; baseline -0.008 0"><span class='ocrx_word' id='word_1_1' title='bbox 355 289 444 345; x_wconf 85' lang='lat' dir='ltr'><strong>THE</strong></span> <span class='ocrx_word' id='word_1_2' title='bbox 472 286 712 345; x_wconf 87' lang='lat' dir='ltr'>TRAGEDIES</span> <span class='ocrx_word' id='word_1_3' title='bbox 740 285 795 344; x_wconf 88' lang='lat' dir='ltr'><strong>OF</strong></span> <span class='ocrx_word' id='word_1_4' title='bbox 823 283 985 343; x_wconf 88' lang='lat' dir='ltr'><strong>SENECA</strong></span> 
     </span>
    </p>
   </div>
   <div class='ocr_carea' id='block_1_2' title="bbox 214 399 1146 1200">
    <p class='ocr_par' dir='ltr' id='par_1_2' title="bbox 214 399 1146 1200">
     <span class='ocr_line' id='line_1_2' title="bbox 255 399 1120 480; baseline -0.007 -19"><span class='ocrx_word' id='word_1_5' title='bbox 255 403 338 475; x_wconf 85' lang='lat' dir='ltr'><strong>Quid</strong></span> <span class='ocrx_word' id='word_1_6' title='bbox 353 403 455 480; x_wconf 90' lang='lat' dir='ltr'><strong>perdis</strong></span> <span class='ocrx_word' id='word_1_7' title='bbox 469 403 549 460; x_wconf 90' lang='lat' dir='ltr'><strong>ultra</strong></span> <span class='ocrx_word' id='word_1_8' title='bbox 562 402 677 459; x_wconf 85' lang='lat' dir='ltr'><strong>verba?</strong></span> <span class='ocrx_word' id='word_1_9' title='bbox 719 400 792 478; x_wconf 93' lang='lat' dir='ltr'><strong>quid</strong></span> <span class='ocrx_word' id='word_1_10' title='bbox 806 408 914 477; x_wconf 86' lang='lat' dir='ltr'><strong>pectus</strong></span> <span class='ocrx_word' id='word_1_11' title='bbox 928 399 1027 457; x_wconf 88' lang='lat' dir='ltr'><strong>ferum</strong></span> <span class='ocrx_word' id='word_1_12' title='bbox 1063 406 1120 455; x_wconf 83' lang='lat'><strong>140</strong></span> 
     </span>
     <span class='ocr_line' id='line_1_3' title="bbox 214 490 971 570; baseline -0.005 -20"><span class='ocrx_word' id='word_1_13' title='bbox 214 494 332 552; x_wconf 90' lang='lat' dir='ltr'><strong>mollire</strong></span> <span class='ocrx_word' id='word_1_14' title='bbox 346 502 479 570; x_wconf 81' lang='lat' dir='ltr'><strong>temptas</strong></span> <span class='ocrx_word' id='word_1_15' title='bbox 493 494 654 570; x_wconf 83' lang='lat' dir='ltr'><strong>precibus?</strong></span> <span class='ocrx_word' id='word_1_16' title='bbox 695 491 753 548; x_wconf 88' lang='lat' dir='ltr'><strong>hoc</strong></span> <span class='ocrx_word' id='word_1_17' title='bbox 768 495 868 547; x_wconf 87' lang='lat' dir='ltr'><strong>animo</strong></span> <span class='ocrx_word' id='word_1_18' title='bbox 884 490 971 547; x_wconf 91' lang='lat' dir='ltr'><strong>sedet</strong></span> 
     </span>
     <span class='ocr_line' id='line_1_4' title="bbox 215 581 911 642; baseline -0.009 0"><span class='ocrx_word' id='word_1_19' title='bbox 215 583 371 642; x_wconf 89' lang='lat' dir='ltr'><strong>effundere</strong></span> <span class='ocrx_word' id='word_1_20' title='bbox 386 584 465 641; x_wconf 87' lang='lat' dir='ltr'><strong>hanc</strong></span> <span class='ocrx_word' id='word_1_21' title='bbox 480 603 549 641; x_wconf 90' lang='lat' dir='ltr'><strong>cum</strong></span> <span class='ocrx_word' id='word_1_22' title='bbox 563 591 661 640; x_wconf 90' lang='lat' dir='ltr'><strong>morte</strong></span> <span class='ocrx_word' id='word_1_23' title='bbox 675 583 845 639; x_wconf 87' lang='lat' dir='ltr'><strong>luctantem</strong></span> <span class='ocrx_word' id='word_1_24' title='bbox 859 581 911 638; x_wconf 92' lang='lat' dir='ltr'><strong>diu</strong></span> 
     </span>
     <span class='ocr_line' id='line_1_5' title="bbox 215 670 1079 749; baseline -0.005 -18"><span class='ocrx_word' id='word_1_25' title='bbox 215 678 347 731; x_wconf 88' lang='lat' dir='ltr'><strong>animam</strong></span> <span class='ocrx_word' id='word_1_26' title='bbox 361 682 394 732; x_wconf 90' lang='lat' dir='ltr'><strong>et</strong></span> <span class='ocrx_word' id='word_1_27' title='bbox 408 675 550 732; x_wconf 81' lang='lat' dir='ltr'>tenebras</span> <span class='ocrx_word' id='word_1_28' title='bbox 564 681 671 749; x_wconf 83' lang='lat' dir='ltr'><strong>petere</strong></span> <span class='ocrx_word' id='word_1_29' title='bbox 683 693 690 741; x_wconf 92' lang='lat'>;</span> <span class='ocrx_word' id='word_1_30' title='bbox 711 692 782 728; x_wconf 90' lang='lat' dir='ltr'><strong>nam</strong></span> <span class='ocrx_word' id='word_1_31' title='bbox 796 671 904 729; x_wconf 90' lang='lat' dir='ltr'><strong>sceleri</strong></span> <span class='ocrx_word' id='word_1_32' title='bbox 917 670 993 728; x_wconf 88' lang='lat' dir='ltr'><strong>haec</strong></span> <span class='ocrx_word' id='word_1_33' title='bbox 1010 690 1079 728; x_wconf 90' lang='lat' dir='ltr'><strong>meo</strong></span> 
     </span>
     <span class='ocr_line' id='line_1_6' title="bbox 215 762 909 841; baseline -0.006 -20"><span class='ocrx_word' id='word_1_34' title='bbox 215 784 320 841; x_wconf 86' lang='lat' dir='ltr'><strong>parum</strong></span> <span class='ocrx_word' id='word_1_35' title='bbox 335 764 396 821; x_wconf 86' lang='lat' dir='ltr'><strong>alta</strong></span> <span class='ocrx_word' id='word_1_36' title='bbox 410 784 470 821; x_wconf 86' lang='lat' dir='ltr'><strong>nox</strong></span> <span class='ocrx_word' id='word_1_37' title='bbox 485 772 533 821; x_wconf 90' lang='lat' dir='ltr'><strong>est</strong></span> <span class='ocrx_word' id='word_1_38' title='bbox 545 783 552 832; x_wconf 83' lang='lat'><em>3</em></span> <span class='ocrx_word' id='word_1_39' title='bbox 574 763 699 820; x_wconf 86' lang='lat' dir='ltr'><strong>Tartaro</strong></span> <span class='ocrx_word' id='word_1_40' title='bbox 712 762 803 820; x_wconf 83' lang='lat' dir='ltr'><strong>condi</strong></span> <span class='ocrx_word' id='word_1_41' title='bbox 816 766 909 831; x_wconf 87' lang='lat' dir='ltr'><strong>iuvat,</strong></span> 
     </span>
     <span class='ocr_line' id='line_1_7' title="bbox 216 851 959 930; baseline -0.001 -20"><span class='ocrx_word' id='word_1_42' title='bbox 216 861 248 910; x_wconf 87' lang='lat' dir='ltr'><strong>et</strong></span> <span class='ocrx_word' id='word_1_43' title='bbox 262 857 286 910; x_wconf 95' lang='lat' dir='ltr'><strong>si</strong></span> <span class='ocrx_word' id='word_1_44' title='bbox 301 853 374 930; x_wconf 92' lang='lat' dir='ltr'><strong>quid</strong></span> <span class='ocrx_word' id='word_1_45' title='bbox 388 853 468 910; x_wconf 82' lang='lat' dir='ltr'><strong>ultra</strong></span> <span class='ocrx_word' id='word_1_46' title='bbox 482 853 641 911; x_wconf 78' lang='lat' dir='ltr'><strong>Tartarum</strong></span> <span class='ocrx_word' id='word_1_47' title='bbox 655 860 720 921; x_wconf 89' lang='lat' dir='ltr'><strong>est;</strong></span> <span class='ocrx_word' id='word_1_48' title='bbox 741 852 867 911; x_wconf 86' lang='lat' dir='ltr'><strong>tandem</strong></span> <span class='ocrx_word' id='word_1_49' title='bbox 880 851 959 909; x_wconf 88' lang='lat' dir='ltr'><strong>libet</strong></span> 
     </span>
     <span class='ocr_line' id='line_1_8' title="bbox 215 941 1146 1019; baseline -0.002 -20"><span class='ocrx_word' id='word_1_50' title='bbox 215 941 296 1019; x_wconf 93' lang='lat' dir='ltr'><strong>quod</strong></span> <span class='ocrx_word' id='word_1_51' title='bbox 310 942 383 999; x_wconf 89' lang='lat' dir='ltr'><strong>olim</strong></span> <span class='ocrx_word' id='word_1_52' title='bbox 397 950 527 1019; x_wconf 80' lang='lat' dir='ltr'><strong>oportet.</strong></span> <span class='ocrx_word' id='word_1_53' title='bbox 569 950 668 1000; x_wconf 83' lang='lat' dir='ltr'><strong>morte</strong></span> <span class='ocrx_word' id='word_1_54' title='bbox 683 942 837 1018; x_wconf 86' lang='lat' dir='ltr'><strong>prohiberi</strong></span> <span class='ocrx_word' id='word_1_55' title='bbox 852 941 934 998; x_wconf 89' lang='lat' dir='ltr'><strong>haud</strong></span> <span class='ocrx_word' id='word_1_56' title='bbox 949 960 1036 1018; x_wconf 91' lang='lat' dir='ltr'><strong>queo.</strong></span> <span class='ocrx_word' id='word_1_57' title='bbox 1143 1003 1146 1010; x_wconf 53' lang='grc'>,</span> 
     </span>
     <span class='ocr_line' id='line_1_9' title="bbox 215 1032 812 1109; baseline 0 -20"><span class='ocrx_word' id='word_1_58' title='bbox 215 1032 328 1089; x_wconf 91' lang='lat' dir='ltr'><strong>ferrum</strong></span> <span class='ocrx_word' id='word_1_59' title='bbox 342 1033 489 1109; x_wconf 82' lang='lat' dir='ltr'><strong>negabis?</strong></span> <span class='ocrx_word' id='word_1_60' title='bbox 531 1036 635 1090; x_wconf 86' lang='lat' dir='ltr'><strong>noxias</strong></span> <span class='ocrx_word' id='word_1_61' title='bbox 649 1032 735 1109; x_wconf 88' lang='lat' dir='ltr'><strong>lapsu</strong></span> <span class='ocrx_word' id='word_1_62' title='bbox 750 1036 812 1089; x_wconf 86' lang='lat' dir='ltr'><strong>vias</strong></span> 
     </span>
     <span class='ocr_line' id='line_1_10' title="bbox 215 1122 780 1200; baseline -0.002 -21"><span class='ocrx_word' id='word_1_63' title='bbox 215 1122 319 1180; x_wconf 83' lang='lat' dir='ltr'><strong>eludes</strong></span> <span class='ocrx_word' id='word_1_64' title='bbox 334 1131 367 1180; x_wconf 89' lang='lat' dir='ltr'><strong>et</strong></span> <span class='ocrx_word' id='word_1_65' title='bbox 380 1127 454 1181; x_wconf 86' lang='lat' dir='ltr'><strong>artis</strong></span> <span class='ocrx_word' id='word_1_66' title='bbox 468 1123 545 1180; x_wconf 87' lang='lat' dir='ltr'><strong>colla</strong></span> <span class='ocrx_word' id='word_1_67' title='bbox 558 1122 675 1200; x_wconf 84' lang='lat' dir='ltr'><strong>laqueis</strong></span> <span class='ocrx_word' id='word_1_68' title='bbox 689 1125 780 1180; x_wconf 85' lang='lat' dir='ltr'><strong>inseri</strong></span> 
     </span>
    </p>
   </div>
   <div class='ocr_carea' id='block_1_3' title="bbox 74 1209 1039 1289">
    <p class='ocr_par' dir='ltr' id='par_1_3' title="bbox 74 1209 1039 1289">
     <span class='ocr_line' id='line_1_11' title="bbox 74 1209 1039 1289; baseline 0.001 -24"><span class='ocrx_word' id='word_1_69' title='bbox 74 1241 78 1249; x_wconf 74' lang='lat'><em>,</em></span> <span class='ocrx_word' id='word_1_70' title='bbox 172 1217 181 1232; x_wconf 68' lang='lat'>⁸</span> <span class='ocrx_word' id='word_1_71' title='bbox 215 1212 409 1288; x_wconf 86' lang='lat' dir='ltr'><strong>prohibebis?</strong></span> <span class='ocrx_word' id='word_1_72' title='bbox 452 1212 559 1269; x_wconf 84' lang='lat' dir='ltr'><strong>herbas</strong></span> <span class='ocrx_word' id='word_1_73' title='bbox 573 1232 651 1289; x_wconf 91' lang='lat' dir='ltr'><strong>quae</strong></span> <span class='ocrx_word' id='word_1_74' title='bbox 666 1212 771 1270; x_wconf 88' lang='lat' dir='ltr'><strong>ferunt</strong></span> <span class='ocrx_word' id='word_1_75' title='bbox 784 1212 882 1269; x_wconf 90' lang='lat' dir='ltr'><strong>letum</strong></span> <span class='ocrx_word' id='word_1_76' title='bbox 896 1209 1039 1268; x_wconf 85' lang='lat' dir='ltr'><strong>auferes?</strong></span> 
     </span>
    </p>
   </div>
   <div class='ocr_carea' id='block_1_4' title="bbox 215 1301 1119 3084">
    <p class='ocr_par' dir='ltr' id='par_1_4' title="bbox 215 1301 1119 1469">
     <span class='ocr_line' id='line_1_12' title="bbox 215 1301 1119 1379; baseline -0.002 -20"><span class='ocrx_word' id='word_1_77' title='bbox 215 1302 286 1379; x_wconf 92' lang='lat' dir='ltr'><strong>quid</strong></span> <span class='ocrx_word' id='word_1_78' title='bbox 302 1306 359 1359; x_wconf 84' lang='lat' dir='ltr'><strong>ista</strong></span> <span class='ocrx_word' id='word_1_79' title='bbox 374 1301 500 1359; x_wconf 87' lang='lat' dir='ltr'><strong>tandem</strong></span> <span class='ocrx_word' id='word_1_80' title='bbox 515 1322 587 1359; x_wconf 85' lang='lat' dir='ltr'><strong>cura</strong></span> <span class='ocrx_word' id='word_1_81' title='bbox 602 1302 739 1378; x_wconf 84' lang='lat' dir='ltr'><strong>proficiet</strong></span> <span class='ocrx_word' id='word_1_82' title='bbox 752 1303 826 1359; x_wconf 89' lang='lat' dir='ltr'><strong>tua?</strong></span> <span class='ocrx_word' id='word_1_83' title='bbox 1062 1307 1119 1358; x_wconf 88' lang='lat'><strong>150</strong></span> 
     </span>
     <span class='ocr_line' id='line_1_13' title="bbox 215 1391 933 1469; baseline 0 -21"><span class='ocrx_word' id='word_1_84' title='bbox 215 1392 327 1468; x_wconf 90' lang='lat' dir='ltr'><strong>ubique</strong></span> <span class='ocrx_word' id='word_1_85' title='bbox 341 1410 420 1447; x_wconf 88' lang='lat' dir='ltr'><strong>mors</strong></span> <span class='ocrx_word' id='word_1_86' title='bbox 435 1399 490 1449; x_wconf 87' lang='lat' dir='ltr'><strong>est.</strong></span> <span class='ocrx_word' id='word_1_87' title='bbox 534 1399 660 1469; x_wconf 82' lang='lat' dir='ltr'><strong>optume</strong></span> <span class='ocrx_word' id='word_1_88' title='bbox 675 1392 732 1449; x_wconf 87' lang='lat' dir='ltr'><strong>hoe</strong></span> <span class='ocrx_word' id='word_1_89' title='bbox 747 1396 826 1448; x_wconf 89' lang='lat' dir='ltr'><strong>cavit</strong></span> <span class='ocrx_word' id='word_1_90' title='bbox 840 1391 933 1448; x_wconf 86' lang='lat' dir='ltr'><strong>deus:</strong></span> 
     </span>
    </p>

    <p class='ocr_par' dir='ltr' id='par_1_5' title="bbox 216 1482 879 1558">
     <span class='ocr_line' id='line_1_14' title="bbox 216 1482 879 1558; baseline 0.003 -23"><span class='ocrx_word' id='word_1_91' title='bbox 216 1484 332 1556; x_wconf 89' lang='lat' dir='ltr'><strong>eripere</strong></span> <span class='ocrx_word' id='word_1_92' title='bbox 348 1485 441 1538; x_wconf 88' lang='lat' dir='ltr'><strong>vitam</strong></span> <span class='ocrx_word' id='word_1_93' title='bbox 455 1500 546 1538; x_wconf 90' lang='lat' dir='ltr'><strong>nemo</strong></span> <span class='ocrx_word' id='word_1_94' title='bbox 560 1501 622 1539; x_wconf 90' lang='lat' dir='ltr'><strong>non</strong></span> <span class='ocrx_word' id='word_1_95' title='bbox 636 1482 752 1538; x_wconf 92' lang='lat' dir='ltr'><strong>homini</strong></span> <span class='ocrx_word' id='word_1_96' title='bbox 766 1488 879 1558; x_wconf 82' lang='lat' dir='ltr'><strong>potest,</strong></span> 
     </span>
    </p>

    <p class='ocr_par' dir='ltr' id='par_1_6' title="bbox 215 1569 1010 1645">
     <span class='ocr_line' id='line_1_15' title="bbox 215 1569 1010 1645; baseline 0.003 -21"><span class='ocrx_word' id='word_1_97' title='bbox 215 1577 247 1626; x_wconf 83' lang='lat' dir='ltr'><strong>at</strong></span> <span class='ocrx_word' id='word_1_98' title='bbox 261 1587 351 1625; x_wconf 91' lang='lat' dir='ltr'><strong>nemo</strong></span> <span class='ocrx_word' id='word_1_99' title='bbox 365 1576 513 1638; x_wconf 81' lang='lat' dir='ltr'><strong>mortem3</strong></span> <span class='ocrx_word' id='word_1_100' title='bbox 534 1570 618 1628; x_wconf 92' lang='lat' dir='ltr'><strong>mille</strong></span> <span class='ocrx_word' id='word_1_101' title='bbox 633 1571 671 1628; x_wconf 89' lang='lat' dir='ltr'><strong>ad</strong></span> <span class='ocrx_word' id='word_1_102' title='bbox 686 1571 763 1627; x_wconf 83' lang='lat' dir='ltr'><strong>hanc</strong></span> <span class='ocrx_word' id='word_1_103' title='bbox 778 1569 879 1628; x_wconf 91' lang='lat' dir='ltr'><strong>aditus</strong></span> <span class='ocrx_word' id='word_1_104' title='bbox 893 1576 1010 1645; x_wconf 83' lang='lat' dir='ltr'><strong>patent.</strong></span> 
     </span>
    </p>

    <p class='ocr_par' dir='ltr' id='par_1_7' title="bbox 215 1658 897 1735">
     <span class='ocr_line' id='line_1_16' title="bbox 215 1658 897 1735; baseline 0.006 -21"><span class='ocrx_word' id='word_1_105' title='bbox 215 1658 258 1714; x_wconf 91' lang='lat' dir='ltr'><strong>nil</strong></span> <span class='ocrx_word' id='word_1_106' title='bbox 272 1678 392 1735; x_wconf 85' lang='lat' dir='ltr'><strong>quaero.</strong></span> <span class='ocrx_word' id='word_1_107' title='bbox 436 1659 544 1717; x_wconf 85' lang='lat' dir='ltr'><strong>dextra</strong></span> <span class='ocrx_word' id='word_1_108' title='bbox 558 1668 662 1718; x_wconf 89' lang='lat' dir='ltr'><strong>noster</strong></span> <span class='ocrx_word' id='word_1_109' title='bbox 676 1668 708 1719; x_wconf 89' lang='lat' dir='ltr'><strong>et</strong></span> <span class='ocrx_word' id='word_1_110' title='bbox 723 1660 805 1718; x_wconf 89' lang='lat' dir='ltr'><strong>nuda</strong></span> <span class='ocrx_word' id='word_1_111' title='bbox 819 1660 897 1718; x_wconf 90' lang='lat' dir='ltr'><strong>solet</strong></span> 
     </span>
    </p>

    <p class='ocr_par' dir='ltr' id='par_1_8' title="bbox 216 1750 969 1826">
     <span class='ocr_line' id='line_1_17' title="bbox 216 1750 969 1826; baseline 0.003 -21"><span class='ocrx_word' id='word_1_112' title='bbox 216 1750 296 1806; x_wconf 91' lang='lat' dir='ltr'><strong>bene</strong></span> <span class='ocrx_word' id='word_1_113' title='bbox 309 1752 427 1806; x_wconf 88' lang='lat' dir='ltr'><strong>animus</strong></span> <span class='ocrx_word' id='word_1_114' title='bbox 442 1750 647 1822; x_wconf 87' lang='lat' dir='ltr'><strong>uti-dextra,</strong></span> <span class='ocrx_word' id='word_1_115' title='bbox 662 1771 743 1807; x_wconf 90' lang='lat' dir='ltr'><strong>nunc</strong></span> <span class='ocrx_word' id='word_1_116' title='bbox 758 1758 826 1809; x_wconf 91' lang='lat' dir='ltr'><strong>toto</strong></span> <span class='ocrx_word' id='word_1_117' title='bbox 840 1755 969 1826; x_wconf 87' lang='lat' dir='ltr'><strong>impetu,</strong></span> 
     </span>
    </p>

    <p class='ocr_par' dir='ltr' id='par_1_9' title="bbox 215 1839 717 1910">
     <span class='ocr_line' id='line_1_18' title="bbox 215 1839 717 1910; baseline 0 -12"><span class='ocrx_word' id='word_1_118' title='bbox 215 1847 283 1898; x_wconf 90' lang='lat' dir='ltr'><strong>toto</strong></span> <span class='ocrx_word' id='word_1_119' title='bbox 297 1839 410 1910; x_wconf 88' lang='lat' dir='ltr'><strong>dolore,</strong></span> <span class='ocrx_word' id='word_1_120' title='bbox 425 1842 537 1898; x_wconf 92' lang='lat' dir='ltr'><strong>viribus</strong></span> <span class='ocrx_word' id='word_1_121' title='bbox 551 1845 625 1898; x_wconf 89' lang='lat' dir='ltr'><strong>totis</strong></span> <span class='ocrx_word' id='word_1_122' title='bbox 638 1844 717 1899; x_wconf 90' lang='lat' dir='ltr'><strong>veni.</strong></span> 
     </span>
    </p>

    <p class='ocr_par' dir='ltr' id='par_1_10' title="bbox 216 1931 926 1989">
     <span class='ocr_line' id='line_1_19' title="bbox 216 1931 926 1989; baseline 0 -2"><span class='ocrx_word' id='word_1_123' title='bbox 216 1950 278 1988; x_wconf 89' lang='lat' dir='ltr'><strong>uon</strong></span> <span class='ocrx_word' id='word_1_124' title='bbox 292 1931 413 1989; x_wconf 88' lang='lat' dir='ltr'><strong>destino</strong></span> <span class='ocrx_word' id='word_1_125' title='bbox 427 1951 522 1989; x_wconf 90' lang='lat' dir='ltr'><strong>unum</strong></span> <span class='ocrx_word' id='word_1_126' title='bbox 536 1931 654 1989; x_wconf 89' lang='lat' dir='ltr'><strong>vulneri</strong></span> <span class='ocrx_word' id='word_1_127' title='bbox 668 1939 771 1989; x_wconf 88' lang='lat' dir='ltr'><strong>nostro</strong></span> <span class='ocrx_word' id='word_1_128' title='bbox 785 1931 926 1989; x_wconf 86' lang='lat' dir='ltr'><strong>locum-</strong></span> 
     </span>
    </p>

    <p class='ocr_par' dir='ltr' id='par_1_11' title="bbox 216 2021 961 2098">
     <span class='ocr_line' id='line_1_20' title="bbox 216 2021 961 2098; baseline -0.001 -20"><span class='ocrx_word' id='word_1_129' title='bbox 216 2029 300 2080; x_wconf 85' lang='lat' dir='ltr'><strong>totus</strong></span> <span class='ocrx_word' id='word_1_130' title='bbox 314 2040 427 2078; x_wconf 83' lang='lat' dir='ltr'><strong>nocens</strong></span> <span class='ocrx_word' id='word_1_131' title='bbox 442 2040 527 2090; x_wconf 84' lang='lat' dir='ltr'><strong>sum3</strong></span> <span class='ocrx_word' id='word_1_132' title='bbox 549 2042 608 2098; x_wconf 91' lang='lat' dir='ltr'><strong>qua</strong></span> <span class='ocrx_word' id='word_1_133' title='bbox 621 2021 704 2079; x_wconf 86' lang='lat' dir='ltr'><strong>voles</strong></span> <span class='ocrx_word' id='word_1_134' title='bbox 718 2029 849 2079; x_wconf 90' lang='lat' dir='ltr'><strong>mortem</strong></span> <span class='ocrx_word' id='word_1_135' title='bbox 864 2025 961 2097; x_wconf 84' lang='lat' dir='ltr'><strong>exige.</strong></span> 
     </span>
    </p>

    <p class='ocr_par' dir='ltr' id='par_1_12' title="bbox 217 2110 922 2188">
     <span class='ocr_line' id='line_1_21' title="bbox 217 2110 922 2188; baseline -0.003 -21"><span class='ocrx_word' id='word_1_136' title='bbox 217 2110 344 2186; x_wconf 86' lang='lat' dir='ltr'><strong>effringe</strong></span> <span class='ocrx_word' id='word_1_137' title='bbox 357 2117 464 2186; x_wconf 82' lang='lat' dir='ltr'><strong>pectus</strong></span> <span class='ocrx_word' id='word_1_138' title='bbox 480 2128 591 2188; x_wconf 90' lang='lat' dir='ltr'><strong>corque</strong></span> <span class='ocrx_word' id='word_1_139' title='bbox 603 2118 652 2169; x_wconf 89' lang='lat' dir='ltr'><strong>tot</strong></span> <span class='ocrx_word' id='word_1_140' title='bbox 666 2111 815 2168; x_wconf 89' lang='lat' dir='ltr'><strong>scelerum</strong></span> <span class='ocrx_word' id='word_1_141' title='bbox 829 2130 922 2187; x_wconf 83' lang='lat' dir='ltr'><strong>capax</strong></span> 
     </span>
    </p>

    <p class='ocr_par' dir='ltr' id='par_1_13' title="bbox 216 2194 1119 2368">
     <span class='ocr_line' id='line_1_22' title="bbox 217 2194 1119 2269; baseline 0.002 -13"><span class='ocrx_word' id='word_1_142' title='bbox 217 2198 325 2269; x_wconf 83' lang='lat' dir='ltr'><strong>evelle,</strong></span> <span class='ocrx_word' id='word_1_143' title='bbox 339 2206 420 2255; x_wconf 89' lang='lat' dir='ltr'><strong>totos</strong></span> <span class='ocrx_word' id='word_1_144' title='bbox 435 2202 583 2257; x_wconf 87' lang='lat' dir='ltr'><strong>viscerum</strong></span> <span class='ocrx_word' id='word_1_145' title='bbox 597 2200 679 2258; x_wconf 93' lang='lat' dir='ltr'><strong>nuda</strong></span> <span class='ocrx_word' id='word_1_146' title='bbox 693 2205 783 2258; x_wconf 83' lang='lat' dir='ltr'><strong>sinus</strong></span> <span class='ocrx_word' id='word_1_147' title='bbox 1062 2194 1119 2254; x_wconf 85' lang='grc'><strong>160</strong></span> 
     </span>
     <span class='ocr_line' id='line_1_23' title="bbox 216 2288 843 2368; baseline 0.002 -23"><span class='ocrx_word' id='word_1_148' title='bbox 216 2288 347 2347; x_wconf 84' lang='lat' dir='ltr'><strong>fractum</strong></span> <span class='ocrx_word' id='word_1_149' title='bbox 360 2292 493 2347; x_wconf 85' lang='lat' dir='ltr'><strong>incitatis</strong></span> <span class='ocrx_word' id='word_1_150' title='bbox 508 2292 618 2348; x_wconf 85' lang='lat' dir='ltr'><strong>ictibus</strong></span> <span class='ocrx_word' id='word_1_151' title='bbox 632 2299 740 2368; x_wconf 88' lang='lat' dir='ltr'><strong>guttur</strong></span> <span class='ocrx_word' id='word_1_152' title='bbox 754 2297 843 2348; x_wconf 89' lang='lat' dir='ltr'><strong>sonet</strong></span> 
     </span>
    </p>

    <p class='ocr_par' dir='ltr' id='par_1_14' title="bbox 216 2379 865 2458">
     <span class='ocr_line' id='line_1_24' title="bbox 216 2379 865 2458; baseline 0.003 -23"><span class='ocrx_word' id='word_1_153' title='bbox 216 2379 394 2458; x_wconf 88' lang='lat' dir='ltr'><strong>laceraeque</strong></span> <span class='ocrx_word' id='word_1_154' title='bbox 408 2381 473 2439; x_wconf 87' lang='lat' dir='ltr'><strong>fixis</strong></span> <span class='ocrx_word' id='word_1_155' title='bbox 487 2382 639 2458; x_wconf 86' lang='lat' dir='ltr'><strong>unguibus</strong></span> <span class='ocrx_word' id='word_1_156' title='bbox 653 2401 749 2439; x_wconf 91' lang='lat' dir='ltr'><strong>venae</strong></span> <span class='ocrx_word' id='word_1_157' title='bbox 762 2380 865 2438; x_wconf 85' lang='lat' dir='ltr'><strong>fluant.</strong></span> 
     </span>
    </p>

    <p class='ocr_par' dir='ltr' id='par_1_15' title="bbox 216 2470 876 2550">
     <span class='ocr_line' id='line_1_25' title="bbox 216 2470 876 2550; baseline 0.002 -24"><span class='ocrx_word' id='word_1_158' title='bbox 216 2478 270 2528; x_wconf 90' lang='lat' dir='ltr'><strong>aut</strong></span> <span class='ocrx_word' id='word_1_159' title='bbox 284 2470 380 2547; x_wconf 86' lang='lat' dir='ltr'><strong>dirige</strong></span> <span class='ocrx_word' id='word_1_160' title='bbox 395 2475 453 2528; x_wconf 89' lang='lat' dir='ltr'><strong>iras</strong></span> <span class='ocrx_word' id='word_1_161' title='bbox 467 2491 527 2550; x_wconf 94' lang='lat' dir='ltr'><strong>quo</strong></span> <span class='ocrx_word' id='word_1_162' title='bbox 542 2471 619 2529; x_wconf 91' lang='lat' dir='ltr'><strong>soles</strong></span> <span class='ocrx_word' id='word_1_163' title='bbox 632 2491 640 2540; x_wconf 91' lang='lat'>;</span> <span class='ocrx_word' id='word_1_164' title='bbox 661 2471 736 2528; x_wconf 90' lang='lat' dir='ltr'><strong>haec</strong></span> <span class='ocrx_word' id='word_1_165' title='bbox 751 2470 876 2529; x_wconf 88' lang='lat' dir='ltr'><strong>vulnera</strong></span> 
     </span>
    </p>

    <p class='ocr_par' dir='ltr' id='par_1_16' title="bbox 215 2560 866 2638">
     <span class='ocr_line' id='line_1_26' title="bbox 215 2560 866 2638; baseline 0.003 -22"><span class='ocrx_word' id='word_1_166' title='bbox 215 2565 340 2617; x_wconf 85' lang='lat' dir='ltr'><strong>rescissa</strong></span> <span class='ocrx_word' id='word_1_167' title='bbox 354 2560 450 2618; x_wconf 91' lang='lat' dir='ltr'><strong>multo</strong></span> <span class='ocrx_word' id='word_1_168' title='bbox 463 2565 659 2638; x_wconf 85' lang='lat' dir='ltr'><strong>sanguineae</strong></span> <span class='ocrx_word' id='word_1_169' title='bbox 673 2563 745 2620; x_wconf 91' lang='lat' dir='ltr'><strong>tabe</strong></span> <span class='ocrx_word' id='word_1_170' title='bbox 759 2565 866 2638; x_wconf 87' lang='lat' dir='ltr'><strong>inriga,</strong></span> 
     </span>
    </p>

    <p class='ocr_par' dir='ltr' id='par_1_17' title="bbox 217 2648 979 2727">
     <span class='ocr_line' id='line_1_27' title="bbox 217 2648 979 2727; baseline 0.001 -22"><span class='ocrx_word' id='word_1_171' title='bbox 217 2648 273 2706; x_wconf 86' lang='lat' dir='ltr'><strong>hac</strong></span> <span class='ocrx_word' id='word_1_172' title='bbox 288 2648 414 2707; x_wconf 83' lang='lat' dir='ltr'><strong>extrahe</strong></span> <span class='ocrx_word' id='word_1_173' title='bbox 428 2654 559 2707; x_wconf 85' lang='lat' dir='ltr'><strong>animam</strong></span> <span class='ocrx_word' id='word_1_174' title='bbox 573 2651 688 2721; x_wconf 86' lang='lat' dir='ltr'><strong>duram,</strong></span> <span class='ocrx_word' id='word_1_175' title='bbox 704 2650 979 2727; x_wconf 78' lang='lat' dir='ltr'><strong>inexpugnabilem.</strong></span> 
     </span>
    </p>

    <p class='ocr_par' dir='ltr' id='par_1_18' title="bbox 217 2739 947 2816">
     <span class='ocr_line' id='line_1_28' title="bbox 217 2739 947 2816; baseline -0.003 -20"><span class='ocrx_word' id='word_1_176' title='bbox 217 2746 250 2796; x_wconf 90' lang='lat' dir='ltr'><strong>et</strong></span> <span class='ocrx_word' id='word_1_177' title='bbox 263 2746 308 2807; x_wconf 89' lang='lat' dir='ltr'><strong>tu,</strong></span> <span class='ocrx_word' id='word_1_178' title='bbox 322 2757 441 2814; x_wconf 89' lang='lat' dir='ltr'><strong>parens,</strong></span> <span class='ocrx_word' id='word_1_179' title='bbox 456 2740 638 2816; x_wconf 88' lang='lat' dir='ltr'><strong>ubicumque</strong></span> <span class='ocrx_word' id='word_1_180' title='bbox 653 2759 820 2816; x_wconf 88' lang='lat' dir='ltr'><strong>poenarum</strong></span> <span class='ocrx_word' id='word_1_181' title='bbox 834 2739 947 2796; x_wconf 84' lang='lat' dir='ltr'><strong>arbiter</strong></span> 
     </span>
    </p>

    <p class='ocr_par' dir='ltr' id='par_1_19' title="bbox 216 2826 961 2906">
     <span class='ocr_line' id='line_1_29' title="bbox 216 2826 961 2906; baseline 0.005 -24"><span class='ocrx_word' id='word_1_182' title='bbox 216 2826 317 2884; x_wconf 82' lang='lat' dir='ltr'><strong>adstas</strong></span> <span class='ocrx_word' id='word_1_183' title='bbox 331 2847 569 2885; x_wconf 88' lang='lat' dir='ltr'><strong>mearum—uon</strong></span> <span class='ocrx_word' id='word_1_184' title='bbox 584 2848 642 2906; x_wconf 87' lang='lat' dir='ltr'><strong>ego</strong></span> <span class='ocrx_word' id='word_1_185' title='bbox 657 2829 715 2886; x_wconf 88' lang='lat' dir='ltr'><strong>hoc</strong></span> <span class='ocrx_word' id='word_1_186' title='bbox 729 2837 847 2886; x_wconf 86' lang='lat' dir='ltr'><strong>tantum</strong></span> <span class='ocrx_word' id='word_1_187' title='bbox 863 2828 961 2886; x_wconf 84' lang='lat' dir='ltr'><strong>scelus</strong></span> 
     </span>
    </p>

    <p class='ocr_par' dir='ltr' id='par_1_20' title="bbox 216 2917 735 2995">
     <span class='ocr_line' id='line_1_30' title="bbox 216 2917 735 2995; baseline 0.006 -21"><span class='ocrx_word' id='word_1_188' title='bbox 216 2917 278 2974; x_wconf 90' lang='lat' dir='ltr'><strong>ulla</strong></span> <span class='ocrx_word' id='word_1_189' title='bbox 292 2921 406 2993; x_wconf 84' lang='lat' dir='ltr'><strong>expiari</strong></span> <span class='ocrx_word' id='word_1_190' title='bbox 421 2918 536 2975; x_wconf 88' lang='lat' dir='ltr'><strong>credidi</strong></span> <span class='ocrx_word' id='word_1_191' title='bbox 550 2938 649 2995; x_wconf 89' lang='lat' dir='ltr'><strong>poena</strong></span> <span class='ocrx_word' id='word_1_192' title='bbox 663 2923 735 2977; x_wconf 88' lang='lat' dir='ltr'><strong>satis</strong></span> 
     </span>
    </p>

    <p class='ocr_par' dir='ltr' id='par_1_21' title="bbox 217 3007 876 3084">
     <span class='ocr_line' id='line_1_31' title="bbox 217 3007 876 3084; baseline 0.002 -21"><span class='ocrx_word' id='word_1_193' title='bbox 217 3026 369 3084; x_wconf 86' lang='lat' dir='ltr'><strong>umquam,</strong></span> <span class='ocrx_word' id='word_1_194' title='bbox 383 3028 442 3065; x_wconf 89' lang='lat' dir='ltr'><strong>nec</strong></span> <span class='ocrx_word' id='word_1_195' title='bbox 455 3012 514 3066; x_wconf 87' lang='lat' dir='ltr'><strong>ista</strong></span> <span class='ocrx_word' id='word_1_196' title='bbox 526 3017 625 3066; x_wconf 88' lang='lat' dir='ltr'><strong>morte</strong></span> <span class='ocrx_word' id='word_1_197' title='bbox 639 3016 803 3066; x_wconf 88' lang='lat' dir='ltr'><strong>contentus</strong></span> <span class='ocrx_word' id='word_1_198' title='bbox 821 3007 876 3078; x_wconf 87' lang='lat' dir='ltr'><strong>fui,</strong></span> 
     </span>
    </p>
   </div>
   <div class='ocr_carea' id='block_1_5' title="bbox 217 3098 1119 3176">
    <p class='ocr_par' dir='ltr' id='par_1_22' title="bbox 217 3098 1119 3176">
     <span class='ocr_line' id='line_1_32' title="bbox 217 3098 1119 3176; baseline 0.001 -24"><span class='ocrx_word' id='word_1_199' title='bbox 217 3116 274 3153; x_wconf 87' lang='lat' dir='ltr'><strong>nec</strong></span> <span class='ocrx_word' id='word_1_200' title='bbox 289 3116 338 3154; x_wconf 91' lang='lat' dir='ltr'><strong>me</strong></span> <span class='ocrx_word' id='word_1_201' title='bbox 352 3098 469 3156; x_wconf 89' lang='lat' dir='ltr'><strong>redemi</strong></span> <span class='ocrx_word' id='word_1_202' title='bbox 482 3107 569 3176; x_wconf 87' lang='lat' dir='ltr'><strong>parte</strong></span> <span class='ocrx_word' id='word_1_203' title='bbox 581 3118 589 3167; x_wconf 81' lang='lat'><em>3</em></span> <span class='ocrx_word' id='word_1_204' title='bbox 610 3099 802 3156; x_wconf 85' lang='lat' dir='ltr'><strong>membratim</strong></span> <span class='ocrx_word' id='word_1_205' title='bbox 819 3098 876 3156; x_wconf 92' lang='lat' dir='ltr'><strong>tibi</strong></span> <span class='ocrx_word' id='word_1_206' title='bbox 1063 3101 1119 3157; x_wconf 88' lang='lat'><strong>170</strong></span> 
     </span>
    </p>
   </div>
   <div class='ocr_carea' id='block_1_6' title="bbox 219 3231 278 3291">
    <p class='ocr_par' dir='ltr' id='par_1_23' title="bbox 219 3231 278 3291">
     <span class='ocr_line' id='line_1_33' title="bbox 219 3231 278 3291; baseline 0.017 -1"><span class='ocrx_word' id='word_1_207' title='bbox 219 3231 278 3291; x_wconf 78' lang='lat'><strong>356</strong></span> 
     </span>
    </p>
   </div>
   <div class='ocr_carea' id='block_1_7' title="bbox 0 0 1279 3862">
    <p class='ocr_par' dir='ltr' id='par_1_24' title="bbox 0 0 1279 3862">
     <span class='ocr_line' id='line_1_34' title="bbox 0 0 1279 3862; baseline 0 0"><span class='ocrx_word' id='word_1_208' title='bbox 0 0 1279 3862; x_wconf 95' lang='lat' dir='ltr'><strong> </strong></span> 
     </span>
    </p>
   </div>
  </div>
 </body>
</html>
