2544 3840
345 288 434 345 THE
462 285 701 345 TRAGEDIES
730 285 785 344 OF
813 282 974 342 SENECA

187 482 190 488 ⁴
204 424 264 481 qua
277 403 394 479 templa
407 402 520 479 tollens
533 410 601 459 acta
616 402 728 459 Cenaei
743 400 822 458 Iovis

204 502 305 551 austro
319 492 491 551 timendum
506 499 624 569 spectat
640 490 807 548 Euboicum
820 508 911 545 mare.

602 709 715 748 CHORVS

308 800 364 856 Par
378 799 429 856 ille
445 806 493 857 est
506 801 622 875 superis
637 800 686 855 cui
699 800 814 874 pariter
827 794 892 852 dies

266 897 299 947 et
313 887 434 945 fortuna
448 887 527 956 fuit;
548 891 653 945 mortis
667 887 762 947 habet
776 889 856 943 vices

264 978 350 1036 lente
365 999 434 1035 cum
448 977 579 1036 trahitur
593 981 655 1034 vita
669 976 872 1054 gementibus.

265 1073 400 1146 quisquis
413 1069 469 1127 sub
483 1067 612 1145 pedibus
627 1066 689 1124 fata
704 1069 822 1142 rapacia

266 1167 299 1218 et
312 1178 448 1236 puppem
461 1162 563 1236 posuit
576 1155 707 1214 fluminis
722 1156 830 1227 ultimi,

266 1270 327 1307 non
342 1253 462 1327 captiva
475 1248 562 1306 dabit
576 1245 715 1306 bracchia
729 1246 856 1304 vinculis

265 1359 322 1397 nec
336 1358 465 1415 pompae
480 1342 584 1396 veniet
597 1335 699 1394 nobile
719 1334 868 1393 ferculum
879 1353 886 1402 ;
1053 1341 1108 1390 110

265 1448 430 1504 numquam
445 1436 492 1486 est
506 1427 558 1485 ille
571 1430 663 1484 miser
676 1430 724 1483 cui
739 1424 827 1482 facile
842 1433 890 1483 est
902 1428 986 1481 mori.

166 1528 172 1537 '
265 1516 352 1574 illum
367 1521 391 1574 si
405 1517 506 1574 medio
521 1516 654 1593 decipiat
668 1519 740 1573 ratis

265 1614 370 1683 ponto,
385 1626 453 1663 cum
468 1606 585 1663 Borean
599 1604 717 1682 expulit
730 1604 851 1663 Africus

265 1703 319 1753 aut
332 1695 430 1754 Eurus
446 1695 629 1773 Zephyrum,
643 1716 712 1753 cum
726 1715 809 1753 mare
823 1695 973 1763 dividunt,

265 1806 328 1843 non
338 1790 448 1863 puppis
462 1786 580 1843 lacerae
594 1785 744 1862 fragmina
757 1783 892 1861 conligit,

265 1884 300 1934 ut
313 1876 386 1934 litus
400 1875 502 1933 medio
516 1883 620 1952 speret
633 1879 666 1932 in
680 1893 828 1953 aequore3

265 1969 359 2023 vitam
372 1969 424 2044 qui
438 1970 553 2043 poterit
565 1964 694 2023 reddere
708 1967 858 2041 protinus,

266 2055 347 2112 solus
360 2075 422 2112 non
436 2058 551 2132 poterit
565 2053 755 2130 naufragium
769 2056 841 2129 pati.

307 2144 371 2202 Nos
384 2149 482 2220 turpis
495 2148 607 2201 macies
622 2150 655 2202 et
668 2143 809 2200 lacrimae
822 2149 934 2200 tenent

266 2241 299 2291 et
313 2237 403 2291 crinis
417 2237 514 2310 patrio
528 2233 653 2311 pulvere
669 2233 824 2301 sordidus;
1052 2238 1108 2288 120

266 2344 321 2382 nos
335 2344 398 2381 non
411 2323 530 2381 flamma
544 2343 645 2400 rapax,
659 2342 721 2379 non
735 2321 836 2399 fragor
850 2323 958 2379 obruit.

267 2413 372 2473 felices
386 2417 530 2492 sequeris,
545 2432 635 2485 mom,
648 2417 773 2471 miseros
787 2411 875 2489 fugis.

266 2513 391 2576 stamus,
406 2524 463 2561 nec
477 2506 592 2581 patriae
604 2503 615 2540 1
630 2502 800 2561 messibus²
814 2501 874 2559 heu
888 2502 972 2560 locus

265 2594 314 2651 at³
329 2593 410 2651 silvis
424 2593 555 2663 dabitur,
569 2593 712 2670 lapsaque
726 2592 864 2650 sordidae

266 2682 342 2739 fient
355 2683 471 2760 templa
485 2702 570 2741 casae
583 2702 590 2751 ;
611 2687 670 2741 iam
684 2682 803 2760 gelidus
819 2681 933 2758 Dolops

267 2771 324 2829 hac
338 2772 432 2830 ducet
445 2772 578 2849 pecudes
592 2794 651 2851 qua
664 2780 753 2849 tepet
767 2773 892 2830 obrutus

267 2869 380 2920 stratae
395 2866 447 2939 qui
461 2870 600 2940 superest
614 2862 778 2920 Oechaliae
793 2864 875 2919 cinis.

238 2976 246 3008 1
263 2978 298 3027 So
311 2979 424 3040 Richter,
437 2980 498 3029 with
509 2980 533 3029 A
544 2997 553 3029 :
569 2981 664 3045 patriis
676 2980 707 3029 Ε.

237 3043 248 3074 ²
264 3044 392 3094 messibus
403 3045 440 3096 N.
455 3045 581 3095 Heinsius
589 3062 599 3094 :
615 3045 751 3094 moenibus
768 3044 813 3095 A:
830 3044 882 3094 Leo
898 3045 986 3095 marles
1002 3045 1042 3095 llic
1058 3045 1108 3096 liae

205 3116 319 3173 corrupt,
332 3111 387 3160 aad
399 3109 551 3174 conjectures
562 3116 663 3161 stamus
674 3126 722 3159 nec
733 3110 822 3175 patria
833 3114 890 3161 est:
908 3110 1036 3161 messibus
1048 3112 1073 3161 h.
1088 3111 1105 3160 1.

236 3176 247 3207 ⁸
262 3176 316 3226 Leo
328 3181 365 3239 et,
378 3175 439 3226 willa
450 3192 480 3237 w,
495 3177 622 3239 corrected
633 3176 666 3239 by
677 3176 799 3239 Scolr'9rr.

210 3264 265 3324 194
