2542 3862
360 267 449 325 THE
476 268 717 327 TRAGEDIES
744 269 800 327 OF
827 269 989 328 SENECA

218 392 251 441 et
264 403 324 460 qua
337 382 463 441 trahens
476 383 623 460 opulenta
638 382 779 440 Pactolus
792 382 869 440 vada

215 464 345 522 inundat
358 484 431 521 auro
445 483 535 533 rura3
556 484 614 522 nec
628 463 718 521 laetis
734 468 836 522 miuus

218 546 400 604 Maeandros
413 549 491 604 arvis
505 545 602 603 flectit
616 553 753 603 errantes
767 566 870 622 aquas,

216 626 400 704 rapidusque
414 646 535 703 campos
550 626 667 684 fertiles
683 626 818 684 Hermus
831 635 924 684 secat.

217 708 288 766 binc
302 716 389 784 grata
403 708 506 765 Cereri
520 708 654 784 Gargara
667 716 701 766 et
714 708 799 766 dives
814 708 912 765 solum

217 788 298 867 quod
312 789 455 847 Xanthus
468 789 565 846 ambit
577 790 697 847 nivibus
712 789 812 847 Idaeis
825 798 967 859 tumens3

217 870 288 927 binc
303 891 363 947 qua
376 870 523 947 relinquit
536 890 649 927 nomen
664 869 742 927 lonii
755 871 861 928 mare1
1063 871 1127 930 610

216 952 380 1029 faucesque
396 951 506 1029 Abydo
520 950 623 1009 Sestos
637 956 775 1028 opposita
789 956 919 1028 premit3

216 1041 271 1091 aut
284 1053 344 1110 qua
356 1032 436 1090 latus
447 1033 459 1069 ²
472 1037 532 1089 iam
546 1037 667 1109 propior
680 1037 791 1091 orienti
805 1033 893 1092 dedit

217 1122 377 1191 tutamque
393 1115 506 1172 crebris
519 1115 657 1190 portibus
673 1113 796 1191 Lyciam
810 1115 903 1174 videt

217 1196 293 1253 baec
306 1216 402 1273 regna
415 1194 496 1253 ferro
511 1214 632 1272 quaere,
646 1199 679 1252 in
694 1194 748 1252 hos
762 1196 889 1272 populos
904 1196 984 1254 ferat

217 1297 302 1335 socer
315 1296 398 1333 arma
411 1276 507 1346 fortis,
521 1276 575 1334 has
589 1284 643 1334 tuo
656 1285 777 1353 sceptro
790 1285 878 1352 paret

219 1358 379 1434 tradatque
394 1365 512 1434 gentes.
543 1357 613 1425 ⁴hoc
626 1358 726 1416 adhuc
740 1377 869 1434 regnum
883 1367 959 1435 puta

217 1447 324 1497 tenere
338 1446 465 1514 patrem.
507 1438 616 1496 melius
630 1439 754 1495 exilium
767 1440 885 1497 esttibi

217 1541 308 1598 quarn
318 1519 435 1576 reditus
449 1524 515 1576 iste.
559 1523 683 1575 crimine
698 1519 798 1576 alieno
813 1521 926 1591 exulas,

217 1609 271 1658 tuo
284 1600 404 1658 redibis.
447 1600 556 1656 melius
570 1603 636 1657 istis
649 1600 762 1657 viribus

217 1702 294 1740 nova
307 1701 403 1759 regna
416 1681 500 1738 nullo
514 1680 628 1738 scelere
642 1680 793 1739 maculata
805 1690 942 1758 appetas,
1061 1682 1123 1742 620

217 1768 291 1840 quin
304 1767 369 1840 ipse
383 1762 480 1821 frater
492 1782 575 1820 arma
588 1767 750 1820 comitatus
763 1771 816 1820 tua

215 1846 273 1903 tibi
287 1845 438 1903 militabit
814 1849 818 1853 ’

444 1926 529 1983 Vade
544 1933 576 1983 et
589 1925 621 1983 id
635 1925 750 1982 bellum
763 1945 836 2002 gere

217 2012 249 2064 in
263 2027 324 2084 quo
337 2015 426 2083 pater
438 2016 597 2083 materque
613 2010 763 2082 pugnanti
779 2006 836 2063 tibi

216 2088 318 2146 favere
332 2091 456 2164 possint
499 2107 594 2162 regna
608 2107 677 2143 cum
691 2086 805 2145 scelere
818 2090 960 2147 omnibus

216 2177 289 2226 sunt
302 2167 400 2225 exiliis
414 2171 557 2243 graviora.
601 2187 683 2223 nunc
697 2166 769 2224 belli
783 2169 863 2225 mala

216 2269 363 2327 propone,
376 2247 483 2305 dubias
498 2247 605 2304 Martis
618 2250 728 2305 incerti
742 2251 822 2306 vices
835 2270 842 2307 ε

216 2332 290 2388 licet
303 2349 393 2387 omne
408 2337 511 2386 tecum
526 2326 672 2385 Graeciae
686 2328 778 2386 robur
790 2329 904 2403 trahas,

216 2413 290 2470 licet
302 2431 385 2468 arma
398 2410 490 2486 longe
504 2410 592 2466 miles
605 2429 641 2465 ac
656 2409 718 2467 late
732 2410 875 2487 explicet,

216 2493 339 2551 fortuna
352 2492 425 2549 belli
440 2510 560 2567 semper
572 2494 698 2566 ancipiti
712 2495 744 2547 in
758 2491 825 2549 loco
838 2500 897 2563 est,

216 2573 427 2652 quodcumque
443 2573 525 2629 Mars
538 2571 686 2630 decernit
728 2581 878 2650 exaequat
891 2573 978 2647 duos,
1060 2574 1122 2634 630

216 2656 290 2714 licet
303 2660 433 2731 impares
448 2658 519 2724 sint,
533 2652 669 2729 gladius;
690 2662 723 2711 ct
736 2674 806 2730 spes
821 2662 854 2712 et
867 2664 968 2714 metus

216 2737 289 2795 Fors
303 2755 393 2793 caeca
406 2742 514 2793 versat
534 2768 546 2795 κ,
558 2738 724 2810 praemium
739 2739 890 2793 incertum
906 2742 997 2813 petis,

216 2827 334 2877 certum
348 2816 473 2887 scelus}
497 2815 606 2872 favisse
619 2814 667 2872 fac
681 2820 758 2874 votis
772 2816 846 2874 deos

248 2952 309 3003 ¹80
327 2951 451 3001 Richter:
472 2950 534 3009 Leo,
558 2947 618 2997 with
642 2971 668 3008 a,
693 2949 791 2999 maris:
818 2949 944 2999 Biiclteler
965 2953 1122 3015 conjectam

217 3020 321 3069 Ionium
332 3017 425 3067 Thetis
437 3036 443 3066 :
467 3014 631 3065 Wilamowitz
640 3030 693 3078 qua
704 3014 813 3078 reliquit
824 3030 919 3064 nomen
931 3015 1004 3065 Inois
1016 3020 1092 3069 mari.

216 3082 393 3200 Τζθὶςιζεξω,
418 3081 478 3131 aar
500 3097 537 3130 u:
554 3079 659 3129 Richter
679 3094 765 3143 quae:
783 3079 820 3130 N.
846 3080 973 3130 Hancine
995 3091 1045 3133 nat
1066 3100 1121 3149 qua

217 3240 276 3300 392

644 3536 1117 3790 nini
