2432 3838
364 231 454 289 THE
481 231 722 293 TRAGEDIES
749 234 805 293 OF
832 235 994 294 SENECA

623 385 734 425 uvriux

267 472 309 530 At
323 481 356 531 te
370 472 508 531 reflectat
521 476 643 550 coniugi
657 493 769 532 nomen
784 493 911 534 sacrum.

491 673 495 678 .
550 648 805 690 ctvrnuuuasrnn

268 737 384 795 Decem
398 756 453 813 per
466 757 561 795 annos
574 737 665 796 vidua
678 744 836 816 respiciam
850 743 971 798 virum?

625 914 736 953 uvrrux

268 999 444 1059 Meminisse
458 998 553 1058 debes
567 1001 677 1059 sobolis
692 1021 729 1059 ex
743 1000 796 1059 illo
809 1009 889 1061 tuae.

553 1178 805 1218 cumprimum

268 1267 419 1344 Equidem
433 1275 468 1327 et
479 1266 595 1343 iugales
610 1266 688 1325 filiae
705 1271 831 1325 memini
845 1267 927 1326 faces

227 1355 260 1406 et
273 1367 422 1425 generum
437 1348 607 1417 Achillem3
627 1353 781 1425 praestitit
794 1353 884 1406 matri
898 1348 989 1408 fidem
1003 1352 1009 1408 3

625 1525 737 1563 NVTRIX

270 1612 413 1672 Redemit
426 1614 478 1671 illa
492 1614 594 1672 classis
608 1618 751 1672 immotae
766 1634 864 1672 moras
1074 1614 1133 1675 160
1200 1684 1201 1693 χ

228 1702 261 1752 et
274 1699 368 1753 maria
381 1699 467 1772 pigro
481 1695 539 1752 fixa
553 1696 698 1772 languore
712 1697 842 1773 impulit.

552 1880 805 1922 ctt'TsuMNusruA

270 1967 369 2025 Pudet
382 1967 728 2047 doletque—Tyndaris,
741 1970 818 2028 caeli
831 1988 938 2047 genus,

228 2048 353 2119 lustrale
367 2049 454 2106 classi
468 2049 597 2108 Doricae
611 2056 717 2126 peperi
732 2060 823 2128 caput
837 2052 843 2107 1

228 2129 355 2188 revolvit
368 2135 486 2188 animus
501 2134 624 2208 virginis
637 2131 787 2189 thalamos
801 2151 887 2189 meae

229 2231 303 2289 quos
317 2210 369 2269 ille
383 2212 492 2288 dignos
507 2211 630 2288 Pelopia
644 2211 719 2269 fecit
733 2212 833 2283 domo,

229 2313 298 2350 cum
312 2297 399 2351 stetit
413 2293 451 2351 ad
466 2312 531 2350 aras
546 2313 597 2351 ore
612 2291 745 2350 sacrifico
762 2301 849 2370 pater

227 2393 319 2451 quam
332 2375 484 2451 nuptiales
498 2376 503 2431 !
545 2373 663 2430 horruit
677 2372 801 2432 Calchas
818 2394 889 2433 suae

228 2475 372 2532 responsa
386 2460 466 2513 vocis
480 2463 513 2513 et
526 2453 707 2512 recedentes
721 2455 811 2514 focos.

229 2557 247 2593 o
261 2537 376 2594 scelera
389 2555 510 2612 semper
523 2535 686 2593 sceleribus
700 2540 824 2596 vincens
842 2537 968 2595 domus!

229 2637 334 2676 cruore
349 2624 456 2675 ventos
471 2620 608 2686 emimus,
623 2616 736 2674 bellum
751 2620 844 2676 nece!
1077 2625 1144 2683 170

229 2699 283 2757 sed
298 2698 366 2756 vela
379 2701 493 2774 pariter
506 2696 589 2754 mille
604 2694 743 2755 fecerunt
756 2701 860 2758 rates?

229 2800 291 2837 non
306 2789 354 2838 est
368 2779 466 2837 soluta
480 2796 623 2855 prospero
637 2778 738 2837 classis
751 2781 827 2839 deo:

230 2865 321 2920 eiecit
336 2860 423 2917 Aulis
437 2862 544 2935 impias
557 2867 646 2935 portu
660 2868 749 2918 rates

229 2946 272 3000 sic
286 2945 458 3017 auspicatus
472 2939 553 2999 bella
567 2958 629 2997 non
643 2940 751 2999 melius
766 2948 852 3018 gerit.

230 3041 332 3080 amore
348 3029 454 3097 captae
468 3029 584 3098 captus,
599 3024 742 3080 immotus
756 3042 846 3098 prece

658 3422 1201 3800 m

235 3203 271 3262 16
