2544 3862
356 257 445 315 THE
471 252 711 315 TRAGEDIES
740 256 794 315 OF
823 256 986 315 SENECA

379 393 437 431 nec
451 393 529 430 nova
543 377 674 430 coniunx
688 377 784 431 nostri
797 372 946 430 thalamos

381 459 524 532 principis
538 459 635 513 intret
648 462 815 532 teneatque
831 474 899 513 suos

379 544 476 613 nupta
490 545 617 613 penates
632 536 756 595 Claudia
769 536 868 613 proles
881 557 888 605 3

380 617 452 675 edat
465 626 554 694 partu
568 622 695 694 pignora
708 623 790 694 pacis

379 719 440 776 qua
452 699 632 776 tranquillus
646 699 779 776 gaudeat
792 700 872 757 orbis
1063 706 1125 758 280

381 788 542 858 servetque
556 780 650 838 decus
665 781 760 837 Roma
773 789 940 840 aeternum.

379 861 480 920 fratris
494 861 642 919 thalamos
656 866 763 920 sortita
776 870 865 920 tenet

379 947 510 999 maxima
524 943 621 1011 luno;
642 963 725 1001 soror
738 943 871 1020 Augusti

380 1028 492 1082 sociata
505 1028 579 1082 toris
593 1044 646 1082 cur
660 1045 678 1081 a
690 1028 789 1102 patria

379 1106 505 1184 pellitur
517 1105 606 1164 aula?
648 1114 753 1164 sancta
765 1106 839 1184 quid
854 1106 899 1164 illi

379 1187 505 1265 prodest
519 1192 616 1264 pietas
630 1187 778 1266 divusque
791 1196 889 1265 pater,

380 1270 453 1347 quid
468 1273 624 1345 virginitas
638 1278 798 1346 castusque
812 1269 930 1346 pudor?

379 1371 434 1408 nos
449 1370 569 1427 quoque
583 1354 678 1408 nostri
692 1370 794 1408 sumus
808 1356 1000 1410 immemores

379 1431 525 1509 postlata
539 1431 633 1502 ducis,
651 1437 734 1489 cuius
752 1436 878 1510 stirpem

380 1512 534 1590 prodimus
548 1514 658 1589 aegro¹
674 1513 822 1572 suadente
837 1522 930 1573 metu.
1062 1520 1122 1580 290

380 1613 450 1651 vera
464 1598 596 1671 priorum
610 1598 705 1653 virtus
719 1595 871 1673 quondam

382 1675 516 1732 Romana
529 1675 588 1734 fuit
602 1696 767 1754 verumque
782 1697 879 1753 genus

381 1757 488 1815 Martis
501 1761 534 1815 in
548 1757 606 1816 illis
621 1763 803 1835 sanguisque
818 1763 896 1816 viris.

379 1838 423 1896 illi
438 1859 525 1915 reges
540 1839 596 1897 hae
613 1840 798 1915 expulerunt

380 1922 454 1979 urbe
469 1922 612 1998 superbos
627 1921 744 1999 ultique
758 1929 827 1978 tuos

380 2010 452 2059 sunt
465 2003 544 2060 bene
558 2021 674 2074 manea,

380 2087 473 2158 virgo,
489 2083 597 2141 dextra

381 2183 467 2222 caesa
481 2168 625 2241 parentis,
640 2184 679 2221 ne
694 2166 849 2223 servitium

380 2253 519 2322 paterere
533 2266 624 2323 grave
640 2253 673 2304 et
685 2248 822 2322 improba
836 2246 932 2305 ferret

380 2331 513 2404 praemia
527 2331 634 2385 victrix
648 2327 714 2385 dira
727 2327 829 2387 libido.
1062 2333 1121 2386 300

379 2416 412 2468 te
426 2429 547 2487 quoque
561 2409 675 2466 bellum
688 2414 777 2468 triste
791 2418 929 2470 secutum
943 2408 1014 2481 est,²

380 2498 512 2548 mactata
525 2498 578 2549 tua
592 2492 763 2549 miseranda
776 2512 877 2563 manu,

379 2580 451 2629 nata
466 2570 599 2642 Lucreti,
614 2581 752 2651 stuprum
767 2578 847 2632 saevi

380 2672 467 2729 passa
480 2657 610 2730 tyranni.

380 2732 467 2791 dedit
480 2734 598 2793 infandi
611 2734 731 2793 sceleris
745 2755 858 2812 poenas

380 2835 449 2871 eum
460 2815 624 2892 Tarquinio
637 2816 736 2874 Tullia
750 2821 890 2886 coniunx,

380 2915 457 2973 quae
471 2917 527 2973 per
540 2901 619 2955 caesi
633 2897 768 2954 membra
781 2901 916 2975 parentis

380 2981 445 3054 egit
458 2998 564 3036 saevos
575 2983 668 3056 impia
681 2999 784 3037 currus

382 3058 542 3137 laceroque
557 3064 622 3118 seni
636 3060 770 3119 violenta
783 3079 870 3136 rogos

380 3149 452 3199 nata
466 3145 598 3218 negavit.
