2432 3838
374 290 463 347 THE
492 279 731 349 TRAGEDIES
759 291 815 350 OF
842 291 1004 351 SENECA

541 415 544 420 ’
559 440 814 481 cnvranmimrnn

506 529 536 586 Si
552 549 657 605 parum
672 538 729 601 est,
743 529 822 588 adde
837 539 870 589 et
884 551 986 609 nepos

607 707 765 746 AnotsTflvs

274 793 408 851 Auctore
424 793 547 851 Phoebo
562 798 691 870 gignor:
713 794 794 852 haud
808 801 929 872 generis
945 798 1050 874 pudet.

558 971 811 1010 CLYTAEMNESTRA

276 1060 431 1118 Phoebum
445 1059 596 1118 nefandae
612 1064 713 1136 stirpis
727 1067 882 1118 auctorem
897 1080 995 1134 vocaS,

232 1161 324 1220 quem
338 1150 429 1199 nocte
443 1142 543 1199 subita
557 1140 644 1199 frena
657 1149 852 1199 revocantem
866 1162 919 1199 sua

232 1223 316 1282 caelo
331 1223 511 1300 expulistis?
553 1223 627 1299 quid
641 1223 714 1280 deos
729 1223 838 1298 probro
850 1223 1013 1281 addimus?

231 1308 387 1382 subripere
401 1305 509 1363 doctus
523 1304 630 1362 fraude
644 1304 779 1381 geniales
794 1313 885 1375 toros,

231 1407 322 1464 quem
339 1388 459 1444 Venere
473 1393 595 1444 tantum
612 1391 721 1444 scimus
736 1385 852 1442 inlicita
865 1391 972 1458 virum,

231 1468 345 1526 facesse
360 1488 489 1544 propere
504 1488 539 1523 ac
553 1468 686 1525 dedecus
700 1475 821 1525 nostrae
835 1467 942 1526 domus
1076 1476 1139 1530 300

232 1558 352 1627 asporta
365 1550 404 1606 ab
419 1549 532 1618 oculis;
554 1548 629 1607 haec
644 1557 731 1606 vacat
744 1554 810 1626 regi
823 1568 858 1606 ac
873 1553 944 1607 viro.

604 1725 763 1765 AEGISTHVS

272 1813 370 1870 Exilia
384 1814 458 1871 mibi
473 1819 545 1871 sunt
559 1812 640 1870 haud
655 1833 742 1885 nova,
756 1818 873 1871 assuevi
887 1813 981 1871 malis.

231 1899 255 1951 si
270 1904 304 1952 tu
319 1899 458 1971 imperas
472 1899 587 1971 regino,
602 1916 664 1952 non
678 1903 799 1952 tantum
813 1894 904 1951 domo

230 1976 359 2053 Argisve
374 1977 469 2033 cedo:
490 1976 533 2033 nil
548 1997 647 2034 moror
660 1981 741 2035 iussu
755 1983 810 2035 tuo

230 2061 348 2133 aperire
363 2057 442 2115 ferro
456 2065 563 2134 pectus
577 2063 728 2116 aerumnis
743 2077 841 2133 grave.

555 2229 809 2270 CLYTAEMNESTRA

271 2320 427 2397 Siquidem
441 2321 499 2379 hoc
514 2326 640 2377 cruenta
653 2318 801 2395 Tyndaris
814 2319 879 2377 fieri
893 2326 997 2379 sinam.

231 2422 308 2480 quae
322 2406 425 2460 iuncta
438 2410 547 2480 peccat
560 2400 655 2458 debet
669 2407 701 2457 et
715 2400 821 2477 culpae
836 2400 935 2460 fidem.

230 2484 339 2542 secede
353 2504 474 2542 mecum
488 2487 597 2559 potius,
612 2488 648 2538 ut
661 2500 762 2539 rerum
776 2489 890 2540 statum

230 2566 355 2624 dubium
370 2586 405 2622 ac
419 2570 569 2622 minacem
583 2566 685 2619 iuncta
700 2563 824 2620 consilia
837 2564 1000 2641 explicent.

634 2736 747 2776 CHORVS

393 2828 510 2896 Canite‚
525 2845 543 2881 o
557 2826 653 2902 pubes
667 2825 782 2894 inclita,
798 2827 970 2886 Phoebum!
1075 2838 1149 2894 810
1207 2844 1208 2849 ’

474 2907 530 2963 tibi
544 2907 622 2979 festa
637 2915 728 2983 caput
1207 2910 1208 2937 ³

392 2990 482 3046 turba
496 2996 628 3057 coronat,
643 2990 700 3045 tibi
715 2992 872 3063 virgineas

474 3068 591 3125 laurum
606 3073 772 3144 quatiens<
