2432 3838
361 232 450 290 THE
478 231 718 291 TRAGEDIES
746 232 801 290 OF
829 232 991 291 SENECA

224 358 382 427 tractuque
396 349 489 426 longo
501 348 574 407 litus
588 369 622 405 ac
637 356 742 425 petrae
756 358 903 426 gemunt3

221 435 336 508 agitata
350 435 450 489 ventis
464 430 545 488 unda
558 435 694 489 venturis
707 438 849 488 tumet—
884 462 890 475 ·

221 533 291 570 cum
305 513 406 570 subito
419 512 493 569 luna
506 511 657 583 conditur,
671 512 778 569 stellae
793 512 901 583 latent,
1065 518 1124 575 470

221 598 253 650 in
267 602 348 652 astra
361 601 472 671 pontus
485 594 613 664 tollitur,
628 593 745 651 caelum
759 598 847 670 perit.

222 695 279 734 nec
295 695 354 733 una
368 695 429 732 nox
443 682 490 733 est
502 695 510 743 ;
532 675 627 733 densa
640 676 783 733 tenebras
797 676 899 733 obruit

221 756 319 833 caligo
334 765 366 815 et
379 761 461 814 omni
476 756 543 814 luce
558 755 706 814 subducta
720 756 834 814 fretum

221 838 399 916 caelumque
413 842 529 896 miscet.
573 837 707 914 undique
722 839 904 896 incumbunt
917 839 1006 896 simul

221 923 404 997 rapiuntque
418 919 544 996 pelagus
559 918 662 977 infimo
677 938 815 976 eversum
829 920 912 977 solo1

221 1000 363 1058 adversus
377 1001 457 1058 Euro
472 1000 629 1077 Zephyrus
643 1008 676 1058 et
691 1001 805 1058 Boreae
822 1001 928 1059 Notus.

222 1101 275 1139 sua
289 1086 416 1159 quisque
431 1086 529 1140 mittit
542 1081 605 1139 tela
620 1089 652 1139 et
666 1081 770 1139 infesti
785 1080 899 1140 fretum

220 1163 414 1235 emoliuntur,
427 1164 517 1221 turbo
532 1162 683 1220 convolvit
696 1183 787 1220 mare.

221 1244 412 1322 Strymonius
425 1244 502 1302 altas
517 1244 628 1321 Aquilo
642 1252 823 1321 contorquet
837 1249 921 1303 nives

221 1326 412 1404 Libycusque
427 1326 554 1383 harenas
569 1326 682 1383 Auster
696 1345 730 1382 ac
745 1325 850 1403 Syrtes
864 1331 947 1402 agit3
1062 1334 1126 1388 480

220 1427 278 1465 nec
291 1415 397 1465 manet
409 1411 442 1463 in
456 1407 589 1465 Austro:
610 1407 663 1465 flat
673 1411 772 1484 gravis
786 1409 896 1465 nimbis
911 1407 1020 1479 Notus,

219 1489 315 1545 imbre
329 1496 423 1564 auget
437 1487 544 1560 undas,
558 1488 656 1546 Eurus
670 1492 819 1547 orientem
834 1498 937 1548 movet

220 1569 377 1627 Nabataea
390 1573 530 1646 quatiens
543 1589 639 1646 regna
652 1577 686 1627 et
700 1570 779 1627 Eoos
793 1574 884 1628 sinus,

219 1651 293 1728 quid
308 1650 430 1708 rabidus
444 1670 495 1707 ora
510 1650 603 1708 Corus
617 1650 742 1708 Oceano
756 1654 907 1710 exerens?

219 1732 368 1789 mundum
382 1731 502 1789 revellit
516 1731 638 1790 sedibus
651 1740 752 1790 totum
766 1737 837 1804 suiS,

218 1817 359 1891 ipsosque
373 1821 464 1889 rupto
478 1813 618 1871 crederes
632 1813 717 1871 caelo
732 1813 805 1871 deos

217 1895 359 1953 decidere
375 1903 407 1953 et
421 1904 520 1953 atrum
534 1897 625 1953 rebus
638 1895 741 1953 induci
756 1895 854 1952 chaos.

217 1984 310 2034 vento
324 1981 438 2035 resistit
451 1984 552 2034 aestus
567 1985 599 2034 et
612 1985 722 2034 ventus
736 1985 818 2035 retro

218 2065 337 2115 aestum
351 2058 479 2114 revolvit
491 2077 498 2125 3
520 2076 581 2113 non
596 2063 678 2133 capit
692 2077 758 2115 sese
772 2078 854 2116 mare

218 2137 375 2215 undasque
389 2141 520 2195 miscent
532 2140 629 2195 imber
643 2146 676 2196 et
689 2138 797 2197 fluctus
811 2159 887 2197 suas.
1062 2147 1130 2209 490

217 2239 275 2276 nec
290 2218 346 2275 hoc
361 2219 500 2277 levamen
515 2219 648 2297 denique
661 2225 813 2278 aerumnis
827 2222 928 2293 datur,

218 2300 320 2358 videre
335 2301 442 2359 saltem
458 2308 491 2359 et
506 2320 593 2358 nosse
609 2320 669 2378 quo
683 2310 812 2377 pereant
828 2303 915 2361 malo.

217 2390 361 2458 premunt
374 2383 520 2440 tenebrae
535 2382 650 2439 lumina
664 2391 696 2440 et
715 2383 797 2441 dirae
815 2383 918 2460 Stygis

216 2463 335 2521 inferna
348 2483 409 2521 nox
423 2471 478 2523 est.
522 2464 667 2522 excidunt
682 2469 768 2539 ignes
782 2472 886 2522 tamen

217 2552 249 2602 et
264 2546 345 2602 nube
359 2545 458 2602 dirum
472 2544 590 2602 fulmen
604 2545 678 2602 elisa
691 2550 794 2615 micat,
833 2566 837 2573 ·

216 2629 392 2703 miserisque
407 2625 482 2684 lucis
496 2634 583 2684 tanta
597 2626 727 2684 dulcedo
742 2635 789 2684 est
803 2628 918 2696 malae;

216 2706 273 2764 hoc
287 2706 392 2765 lumen
406 2715 522 2784 optant.

526 2788 596 2865 Ipsa
610 2808 641 2846 se
656 2788 757 2847 classis
772 2794 883 2865 premit

214 2877 247 2926 et
260 2889 347 2945 prora
361 2889 466 2947 prorae
481 2874 585 2928 nocuit
599 2879 631 2928 et
644 2870 733 2928 lateri
747 2871 833 2927 latus.

247 3048 255 3078 ¹
273 3049 308 3098 So
330 3048 376 3098 A:
394 3050 446 3099 Leo
465 3050 584 3100 infimum
598 3052 717 3115 †everso
735 3050 796 3114 polo
816 3050 877 3100 wita
895 3051 927 3112 E,
946 3052 1141 3124 conjecturiny

215 3113 335 3163 infimum
347 3116 421 3164 venti
433 3116 500 3179 polo,
515 3118 570 3166 aad
581 3116 692 3178 deleting]
702 3116 719 3165 l.
733 3119 789 3176 476.

667 3324 1179 3784 rh]
