2514 3828
365 296 455 355 THE
481 295 721 355 TRAGEDIES
750 296 804 355 OF
832 295 993 354 SENECA

347 413 480 470 Caesaris
495 432 579 481 uxor,
594 416 679 469 cuius
693 431 806 469 nomen

346 495 460 551 clarum
473 501 540 551 toto
554 493 639 551 fulsit
652 497 685 550 in
699 493 781 563 orbe,

347 584 435 633 utero
449 579 562 632 totiens
578 578 667 632 enixa
681 577 764 651 gravi

346 660 473 734 pignora
487 660 578 732 paciS,
593 676 662 712 mox
683 655 806 713 exilium

347 738 481 808 verbera,
496 757 598 795 saevas
612 757 699 814 passa
712 744 845 806 catenas,

347 818 462 890 funera,
477 819 587 891 luctus,
602 818 728 876 tandem
742 819 840 875 letum
1070 823 1131 883 940

346 904 478 958 cruciata
491 900 553 960 diu.
596 900 670 958 felix
684 899 825 958 thalamis

349 981 433 1039 Livia
449 981 538 1040 Drusi
553 985 693 1059 natisque
707 980 807 1038 ferum

328 1105 331 1110 -
346 1068 408 1121 ruit
422 1068 453 1120 in
468 1062 584 1121 facinus
599 1082 789 1140 poenamque
805 1081 898 1135 suam.

348 1144 424 1201 Iulia
438 1148 543 1202 matris
557 1143 620 1201 fata
634 1151 738 1202 secuta
753 1151 820 1211 est3

346 1233 415 1303 post
429 1226 521 1303 longa
535 1234 639 1283 tamen
654 1233 791 1301 tempora
805 1223 887 1281 ferro

347 1328 434 1365 caesa
448 1315 505 1378 est,
519 1311 655 1385 quamvis
670 1310 795 1364 erimine
810 1305 902 1362 nullo.

347 1389 419 1467 quid
434 1409 495 1446 non
510 1393 611 1466 potuit
625 1387 778 1466 quondam
793 1391 933 1464 genetrix

346 1477 400 1528 tua
414 1490 491 1548 quae
506 1474 585 1528 rexit
598 1473 743 1546 principis
757 1468 857 1526 aulam

348 1570 415 1607 cara
429 1555 538 1607 marito
552 1559 702 1627 partuque
717 1551 848 1626 potens?

348 1631 456 1689 eadem
471 1631 584 1693 famulo
598 1632 734 1689 subiecta
749 1652 803 1689 suo

348 1713 459 1771 cecidit
473 1713 531 1770 diri
545 1712 649 1771 militis
664 1732 745 1771 ense.

348 1795 421 1872 quid
436 1799 484 1852 cui
499 1795 586 1853 licuit
599 1815 728 1871 regnum
743 1799 774 1851 in
790 1793 908 1851 eaelum

348 1896 479 1953 sperare,
493 1896 602 1954 parens
616 1884 703 1933 tanta
718 1876 867 1933 Neronis?

348 1978 410 2014 non
424 1958 546 2016 funesta
559 1957 670 2015 violata
683 1977 775 2014 manu

348 2044 471 2116 remigis
485 2048 568 2110 ante,

348 2140 419 2178 mox
433 2127 466 2178 et
480 2119 559 2178 ferro
573 2120 704 2177 lacerata
717 2119 770 2177 diu

349 2206 429 2260 saevi
443 2205 536 2260 iacuit
551 2205 672 2259 victima
686 2202 773 2258 nati?

620 2377 745 2416 oc'rAvm

391 2453 443 2511 Me
458 2473 578 2531 quoque
593 2457 697 2510 tristes
711 2455 809 2511 mittit
822 2453 861 2510 ad
877 2454 997 2510 umbras

349 2534 431 2592 ferus
446 2542 479 2593 et
492 2554 597 2592 manes
613 2554 684 2592 ecce
698 2542 853 2612 tyrannus

349 2616 424 2693 quid
438 2620 498 2673 iam
511 2616 622 2674 frustra
636 2616 807 2674 miseranda
820 2618 942 2673 moror?
1034 2629 1036 2633 ’
1073 2613 1134 2682 960

350 2702 448 2774 rapite
463 2698 501 2755 ad
515 2697 612 2755 letum
628 2701 695 2774 quis
708 2701 755 2755 ius
769 2701 801 2755 in
815 2718 870 2756 nos

351 2778 485 2837 Fortuna
499 2779 594 2837 dedit.
637 2786 735 2836 testor
748 2798 915 2856 superos-

351 2861 424 2939 quid
437 2865 511 2937 agis,
526 2860 677 2918 demens?
698 2880 788 2939 parce
802 2864 919 2938 precari

261 2991 557 3108 :gigrerje-wffiiired
574 3056 610 3120 by
628 3056 758 3116 Tiberius,
777 3057 837 3106 who
853 3072 908 3106 was
924 3056 1026 3121 jealous
1042 3056 1071 3105 of
1087 3057 1134 3107 the

229 3123 345 3188 people’s
362 3123 457 3199 faveur
477 3122 581 3172 toward
600 3122 657 3183 her,
682 3127 711 3172 to
735 3122 779 3172 the
802 3121 889 3172 island
912 3122 940 3172 of
961 3121 1132 3181 Pandataria,

229 3189 318 3239 where
329 3189 376 3238 she
388 3187 450 3237 died
462 3188 537 3238 three
549 3201 625 3253 years
637 3188 788 3237 afterward.

232 3268 292 3330 486
