2514 3828
344 306 704 391 THE,TRAGED1ES·
729 307 784 365 OF
812 306 974 366 SENECA

204 425 344 495 lacrimis,
358 423 412 481 sed
426 427 535 500 ingens
550 422 665 481 scelere
679 426 847 499 geminavit
860 421 954 480 nefas.

204 522 364 593 perempta
377 511 467 584 ferro,
482 511 572 571 foeda
586 513 761 571 vulneribus
776 532 874 572 sacros

204 610 285 662 intra
298 612 426 682 penates
440 607 580 680 spiritum
595 603 687 661 effudi
702 623 826 680 gravem

206 702 312 770 erepta
325 693 444 772 pelago,
459 698 607 770 sanguine
622 697 740 751 extinxi
756 713 825 751 meo

205 805 263 843 nec
277 784 346 841 odia
354 787 432 842 uati.
476 787 572 843 saevit
585 788 618 841 in
632 802 745 841 nomen
759 783 842 841 ferus

205 878 308 932 matris
322 881 480 950 tyrannm,
494 875 580 931 obrui
594 878 737 931 meritum
752 877 847 949 cupit,
1050 870 1111 931 610

205 963 372 1035 simulacra,
387 963 493 1021 titulos
506 963 638 1021 destruit
651 963 777 1022 mortis1
792 971 876 1021 metu

205 1062 305 1113 totum
318 1073 374 1131 per
388 1055 491 1112 orbem
506 1072 597 1131 quem
611 1052 699 1111 dedit
712 1072 843 1130 poenam
857 1058 889 1111 in
902 1073 1002 1111 meam

205 1165 300 1222 puero
314 1144 484 1221 regendum
498 1151 602 1202 noster
616 1142 723 1201 infelix
737 1162 829 1201 amor.

247 1236 410 1294 Extinctus
424 1237 546 1293 umbras
560 1238 659 1311 agitat
673 1234 803 1294 infestus
817 1255 900 1294 meas

205 1327 392 1403 flammisque
408 1325 510 1383 vultus
524 1329 629 1383 noxios
643 1329 777 1382 coniunx
791 1330 881 1403 petit,

205 1421 308 1487 instat,
323 1419 468 1486 minatur,
481 1418 613 1490 imputat
626 1414 725 1472 fatum
738 1414 814 1472 mihi

205 1504 418 1580 tumulumque
433 1506 507 1573 nati,
523 1507 620 1578 poscit
633 1511 789 1561 auctorem
803 1508 894 1561 necis.

205 1602 265 1652 iam
279 1613 368 1670 parce
381 1613 388 1662 ;
409 1592 540 1664 dabitur,
556 1601 676 1669 tempus
691 1590 773 1650 haud
786 1594 912 1671 longum
926 1603 1007 1672 peto.

205 1686 298 1743 ultrix
313 1684 422 1762 Erinys
436 1688 529 1761 impio
544 1684 672 1761 dignum
689 1693 776 1760 parat

205 1777 303 1836 letum
317 1784 456 1854 tyranno,
471 1777 598 1834 verbera
613 1783 646 1833 et
659 1784 781 1852 turpem
796 1776 901 1853 fugam
1050 1774 1110 1835 620

205 1887 378 1945 poenasque
393 1871 460 1944 quis
474 1875 507 1926 et
520 1865 641 1924 Tantali
656 1870 760 1923 vincat
775 1870 866 1938 sitim,

206 1958 304 2015 dirum
318 1950 453 2014 laborem
469 1955 601 2034 Sisyphi,
615 1955 698 2033 Tityi
713 1953 818 2014 alitem

207 2049 381 2124 Ixionisque
395 2047 532 2104 membra
545 2050 716 2123 rapientem
732 2054 838 2105 rotam.

205 2138 279 2195 licet
292 2144 416 2194 extruat
430 2138 627 2201 marmoribus
640 2144 733 2213 atque
748 2156 821 2194 auro
834 2144 922 2214 tegat

206 2227 353 2303 superbus
367 2225 476 2296 aulam,
492 2225 586 2284 limen
600 2233 734 2283 armatae
748 2225 834 2283 ducis

207 2323 329 2374 servent
343 2314 492 2386 cohorteS,
507 2319 612 2373 mittat
625 2318 787 2373 immensas
801 2334 874 2391 opes

207 2405 371 2464 exhaustus
386 2405 475 2475 orbis,
491 2404 642 2481 supplices
656 2404 796 2462 dextram
810 2412 919 2481 petant

209 2495 311 2561 Parthi
326 2501 494 2564 cruentam,
508 2513 604 2569 regna
618 2493 739 2552 divitias
753 2492 874 2563 ferant3

207 2590 310 2644 veniet
324 2584 390 2642 dies
404 2592 588 2661 tempusque
603 2603 663 2661 quo
678 2584 789 2642 reddat
803 2589 864 2643 suis

206 2681 337 2735 animam
353 2683 517 2751 nocentem
531 2673 706 2748 sceleribus,
720 2676 858 2752 iugulum
873 2674 1009 2733 hostibus
1026 2722 1029 2726 .
1052 2672 1111 2733 630

207 2767 346 2825 desertus
360 2785 395 2821 ac
410 2764 584 2824 destructus
599 2772 631 2823 et
645 2769 762 2823 cunctis
777 2785 880 2842 egens.

248 2857 331 2926 Heu,
346 2874 407 2932 quo
419 2855 512 2927 labor,
527 2875 587 2933 quo
602 2862 672 2913 vota
686 2855 864 2914 ceciderunt
877 2857 968 2913 mea?

344 2976 354 3008 ¹
370 2979 405 3029 So
416 2978 452 3029 A.
488 2979 549 3040 Leo,
557 2976 694 3041 following]
705 2978 851 3038 Buecheler,
866 2979 968 3029 matris.

240 3123 248 3153 ¹
266 3123 444 3172 Britannicus.
581 3121 592 3152 ¹
609 3120 690 3171 Nero.

240 3188 250 3220 ³
267 3189 295 3239 It
306 3190 329 3238 is
340 3189 387 3238 the
399 3187 534 3253 following
551 3202 661 3252 passage
678 3186 765 3237 which
782 3185 864 3237 forms
882 3188 929 3238 the
945 3187 1016 3236 chief
1034 3203 1109 3253 argu-

207 3269 267 3329 460
