2544 3840
372 310 462 369 THE
489 310 729 371 TRAGEDIES
758 312 814 371 OF
839 311 1000 372 SENECA

121 452 127 461 ·
232 426 308 484 nihil
323 434 371 485 est
385 425 547 496 relictum3
567 427 656 486 fletus
670 431 840 517 insequitur
854 432 959 486 minas.

225 523 290 583 'nec
304 545 382 583 unus
397 524 518 583 habitus
532 525 622 583 durat
635 533 689 583 aut
703 545 764 583 uno
778 525 853 583 furit
1077 533 1136 585 250

233 631 379 682 contenta
393 624 476 681 voltu
489 642 497 692 ;
518 644 599 682 nunc
614 625 810 684 inardescunt
823 646 931 702 genae,

232 718 329 796 pallor
342 720 483 776 ruborem
497 718 586 796 pellit
600 727 633 777 et
646 718 757 777 formas
771 719 858 777 dolor

234 824 314 874 errat
328 836 383 893 per
396 835 521 885 omnes;
542 821 688 895 queritur,
702 817 854 894 implorat,
868 822 973 894 gemit.
1081 816 1087 827 '

274 914 409 973 Sonuere
423 923 639 992 postes-ecce
653 919 812 993 praecipiti
825 915 922 993 gradu

233 1021 351 1071 secreta
364 1016 476 1072 mentis
491 1033 542 1072 ore
557 1012 682 1072 confuso
696 1017 803 1072 exerit.

611 1281 755 1331 oriamur

274 1379 505 1457 Quamcumque
518 1387 637 1457 partem
652 1380 732 1438 sedis
745 1380 900 1439 aetheriae
913 1385 1035 1457 premiS,

234 1482 364 1536 coniunx
378 1478 535 1549 Tonantis
549 1482 639 1536 mitte
654 1482 686 1534 in
700 1478 831 1536 Alciden
845 1477 940 1537 feram

233 1595 311 1653 quae
325 1576 400 1633 mihi
414 1580 486 1634 satis
501 1580 548 1634 sit.
592 1579 616 1633 si
631 1596 690 1653 qua
704 1576 869 1635 fecundum
884 1586 976 1655 caput

234 1674 344 1751 palude
358 1682 424 1732 tota
438 1678 549 1732 vastior
562 1694 687 1752 serpens
700 1684 813 1746 movet,

233 1777 338 1850 ignara
352 1776 442 1843 vinci,
456 1772 568 1850 siquid
583 1777 713 1832 excessit
727 1773 807 1832 feras
1078 1772 1137 1831 260

233 1874 365 1928 immane
380 1870 480 1928 dirum
494 1871 647 1942 horribile,
661 1891 722 1948 quo
737 1876 799 1930 viso
814 1872 965 1930 Hercules

232 1977 350 2028 avertat
364 1969 476 2042 oculos,
490 1970 548 2028 boc
563 1991 655 2048 specu
669 1975 818 2029 immenso
832 1979 929 2030 exeat.

233 2066 282 2125 vel
297 2071 322 2124 si
335 2066 418 2125 ferae
432 2076 595 2145 negantur,
608 2068 688 2126 hanc
703 2073 834 2126 animam
848 2088 955 2146 precor

233 2171 377 2222 converte
391 2167 422 2220 in
437 2165 759 2244 aliquod—quodlibet
772 2188 894 2245 possum
908 2167 1021 2225 malurn

233 2261 290 2319 hac
304 2269 409 2319 mente
423 2261 495 2322 fieri.
538 2266 696 2323 commoda
709 2266 840 2343 effigiem
853 2266 928 2324 mihi

233 2380 337 2438 parem
351 2360 465 2431 dolori;
485 2382 548 2420 non
562 2367 643 2441 capit
657 2372 765 2442 pectus
779 2368 884 2422 minas

233 2458 306 2536 quid
320 2463 437 2519 excutis
451 2448 570 2519 telluris
584 2470 739 2520 extremae
755 2466 837 2520 sinus

232 2558 398 2634 orbemque
412 2561 536 2616 versas?
577 2559 651 2636 quid
664 2579 751 2638 rogas
767 2561 872 2619 Ditem
886 2560 986 2618 mala?

232 2674 337 2713 omnes
352 2659 384 2712 in
398 2659 457 2714 isto
470 2665 595 2734 pectore
609 2661 746 2716 invenies
760 2658 839 2718 feras

232 2772 306 2831 quas
320 2758 446 2825 timeat3
466 2756 542 2814 odiis
556 2760 659 2834 accipe
673 2755 731 2814 hoc
744 2757 842 2815 telum
855 2762 925 2819 tuis.
1077 2763 1136 2821 ato

232 2865 291 2921 ego
304 2850 361 2903 sim
375 2868 511 2906 noverca.
555 2850 684 2927 perdere
698 2850 829 2909 Alciden
844 2860 932 2929 potes
945 2872 953 2921 ;

230 2942 333 3020 perfer
346 2965 453 3004 manus
467 2966 666 3026 quocumque.
709 2948 783 3027 quid
797 2969 904 3022 cessas,
919 2951 1000 3008 dea?

231 3049 319 3100 utere
332 3042 579 3123 furente—quod
593 3048 678 3105 iubes
692 3047 757 3105 fieri
772 3047 878 3106 nefas?

555 3194 566 3226 ¹
582 3194 625 3247 ie.
638 3195 685 3246 the
697 3196 800 3261 Hydra.

233 3279 292 3331 204
