2538 3846
353 292 442 348 THE
470 290 709 352 TRAGEDIES
737 291 792 351 ΟΡ
820 289 982 350 SENECA

416 412 458 465 sic
473 428 542 465 cum
556 413 732 466 transierint
746 412 807 465 mei

416 497 501 556 nullo
515 517 584 555 cum
598 503 728 575 strepitu
743 498 818 568 dies,

416 587 554 664 plebeius
567 592 677 645 moriar
691 607 792 646 senex.
895 632 899 639 .

416 676 460 732 illi
474 696 554 734 mors
568 681 666 753 gravis
680 677 805 735 incubat

395 748 479 843 (qui,
493 775 584 826 notus
598 771 687 825 nimis
701 767 850 837 omnibus,

416 860 540 932 ignotus
553 860 680 914 moritur
694 856 777 937 sibi.)

593 1065 743 1104 THYnsTus

256 1174 372 1249 Optata
385 1174 501 1249 patriae
515 1178 599 1228 tecta
613 1178 646 1227 et
661 1168 818 1247 Argolicas
833 1189 907 1246 opes

214 1267 392 1341 miserisque
406 1281 558 1320 summum
572 1281 606 1318 ac
620 1264 785 1318 maximum
800 1260 940 1317 exulibus
954 1260 1078 1330 bonum,

214 1360 347 1411 tractum
360 1353 416 1410 soli
430 1350 539 1409 natalis
554 1358 587 1409 et
601 1354 713 1428 patrios
728 1349 802 1408 deos

215 1442 254 1522 (si
268 1450 340 1501 sunt
353 1451 458 1500 tamen
472 1439 518 1520 di)
533 1461 633 1512 cerne,
649 1440 815 1518 Cyclopum
830 1459 927 1499 sacras

215 1540 324 1605 turres,
338 1532 441 1589 labore
455 1535 552 1589 maius
566 1530 699 1588 humano
713 1530 816 1601 decus,
880 1596 882 1605 Ι

215 1623 368 1681 celebrata
381 1625 484 1679 iuveni
499 1620 605 1693 stadia,
621 1640 676 1697 per
690 1641 768 1699 quae
782 1621 891 1679 nobilis

214 1713 346 1790 palmam
360 1720 488 1789 paterno
501 1731 563 1768 non
577 1710 672 1769 semel
686 1730 775 1770 curru
788 1711 857 1769 tuli.
1062 1716 1121 1767 410

215 1810 353 1861 occurret
365 1800 473 1879 Argos
487 1802 617 1879 populus
632 1809 770 1859 occurret
784 1802 970 1879 frequens-

216 1894 270 1958 sed
284 1912 396 1970 nempe
411 1900 444 1951 et
458 1892 579 1950 Atreus.
623 1900 730 1969 repete
745 1891 898 1950 silvestres
912 1891 1000 1971 fugas

215 1983 370 2060 saltusque
387 1983 497 2041 densos
511 1986 613 2059 potius
628 1990 661 2040 et
674 1986 801 2040 mixtam
816 1981 889 2040 feris

216 2073 405 2149 similemque
420 2076 513 2130 vitam
526 2091 533 2141 ;
555 2072 652 2130 clarus
665 2071 716 2129 hic
730 2077 817 2149 regni
831 2077 912 2131 nitor

216 2162 335 2238 fulgore
350 2181 413 2218 non
427 2169 474 2219 est
488 2161 569 2238 quod
584 2160 687 2218 oeulos
701 2159 777 2218 falso
791 2162 910 2221 auferat
923 2183 931 2232 ;

216 2273 286 2310 cum
300 2252 379 2330 quod
394 2251 485 2309 datur
498 2252 658 2328 spectabis
674 2258 706 2309 et
720 2249 847 2309 dantem
861 2256 971 2329 aspice.

216 2343 307 2400 modo
320 2346 402 2400 inter
415 2341 476 2413 illa,
492 2361 569 2420 quae
584 2349 696 2418 putant
709 2345 813 2400 cuncti
826 2362 942 2420 aspera,

216 2432 303 2491 fortis
317 2432 361 2490 fui
374 2432 552 2509 laetusque;
573 2452 655 2489 nunc
669 2439 775 2489 eontra
789 2436 821 2489 in
835 2441 936 2491 metus

217 2523 372 2592 revolvor3
393 2525 511 2579 animus
525 2522 632 2580 haeret
646 2541 680 2579 ac
695 2529 778 2579 retro
792 2527 877 2601 cupit

217 2632 325 2689 eorpus
339 2611 461 2682 referre,
476 2631 583 2669 moveo
599 2612 756 2670 nolentem
771 2611 906 2690 gradum.
1063 2617 1122 2668 420

596 2871 746 2910 TANTALVS

260 2974 350 3051 Pigro
364 2972 451 3054 (quid
465 2973 523 3031 hoc
538 2981 586 3043 est
596 2974 621 3049 i)
636 2977 758 3051 genitor
771 2976 890 3030 incessu
905 2980 1010 3051 stupet

218 3063 397 3143 vultumque
411 3071 512 3122 versat
527 3082 620 3140 seque
635 3067 667 3119 in
681 3065 798 3120 incerto
812 3070 908 3121 tenet.

222 3264 279 3314 124
