2544 3840
350 268 439 326 THE
467 269 705 329 TRAGEDIES
734 271 789 329 OF
817 271 978 329 SENECA

211 384 366 442 Herculea
380 394 499 461 pestem
512 405 519 455 ;
541 387 680 462 precibus
695 389 813 463 augebo
827 388 949 445 malum.

251 508 289 565 ln
302 516 441 584 tempore
455 513 520 585 ipso
534 529 628 566 navus
642 515 772 569 occurrit
787 510 896 568 Lichas
909 530 917 579 ;

210 632 337 691 celanda
351 638 394 690 vis
409 641 456 691 est
470 631 544 704 dira,
560 653 600 691 ne
614 642 742 710 pateant
755 634 827 692 doli.

591 900 735 950 osismus

250 1016 279 1074 0
294 1015 376 1094 quod
389 1017 536 1093 superbae
551 1035 613 1073 non
627 1016 743 1074 habent
756 1014 899 1095 umquam
917 1017 1034 1090 domuS,

209 1140 300 1199 fidele
314 1159 434 1216 semper
447 1140 569 1216 regibus
583 1160 695 1197 nomen
711 1140 816 1212 Licha,
1056 1144 1115 1202 570

210 1284 284 1341 cape
298 1264 354 1321 hos
367 1268 505 1335 amictus
520 1271 622 1320 nostra
636 1284 711 1340 quos
724 1269 811 1322 nevit
823 1283 940 1336 manus,

156 1462 159 1466 ,
209 1389 284 1446 dum
299 1407 391 1464 vagus
405 1392 438 1444 in
452 1388 524 1445 orbe
539 1386 637 1446 fertur
651 1396 683 1446 et
698 1393 795 1446 victus
809 1407 894 1446 mero

210 1521 299 1570 tenet
312 1511 405 1569 feroci
421 1510 548 1589 Lydiam
563 1515 679 1588 gremio
694 1532 814 1584 nurum,
832 1517 835 1523 ’

210 1635 282 1693 dum
298 1639 395 1710 poscit
410 1634 504 1692 lolen.
548 1634 602 1692 sed
616 1638 700 1692 iecur
713 1635 773 1692 fors
788 1635 943 1693 horridum

209 1758 329 1815 flectam
343 1757 507 1827 merend03
529 1762 638 1816 merita
651 1763 791 1816 vicerunt
804 1758 907 1816 maios.

210 1902 272 1939 non
286 1890 359 1939 ante
373 1886 504 1939 coniunx
519 1882 627 1940 induat
641 1890 742 1941 vestes
757 1883 828 1939 iube

211 2026 301 2084 quam
315 2015 383 2064 ture
398 2005 531 2063 flammas
545 2015 648 2082 pascat
660 2015 693 2064 et
707 2006 808 2083 placet
823 2007 905 2077 deoS,

211 2150 286 2188 cana
299 2135 452 2206 rigentem
466 2129 579 2206 populo
593 2134 710 2188 cinctus
725 2150 850 2188 comam.

252 2253 322 2329 Ipsa
335 2256 367 2309 in
382 2261 510 2328 penates
526 2256 624 2328 regios
638 2271 759 2328 gressus
774 2251 869 2309 feram

211 2379 410 2455 precibusque
426 2377 545 2433 Amoris
559 2375 673 2432 horridi
687 2382 817 2433 matrem
831 2376 935 2433 colam.
1057 2382 1116 2434 580

210 2520 271 2571 vos,
286 2520 360 2577 quas
373 2504 508 2577 paternis
523 2499 619 2557 extuli
634 2503 760 2557 comites
774 2498 860 2572 fociS,

211 2623 393 2701 Calydoniae
408 2622 513 2698 lugete
528 2620 702 2680 deflendam
716 2627 822 2681 vicem.

605 2897 718 2936 cnonvs

374 3002 496 3060 Flemus
510 3022 604 3074 casus,
620 3003 729 3074 Oenei,
743 3009 812 3060 tuos

332 3130 476 3183 comitum
491 3132 602 3204 primos
616 3128 706 3184 turba
719 3147 774 3204 per
787 3146 892 3197 annos,

212 3232 271 3282 ‘232
