2538 3846
362 279 451 336 THE
479 277 719 336 TRAGEDIES
747 276 802 335 OF
830 275 990 334 SENECA

599 429 749 467 TANTALVS

265 517 389 577 Summa
403 526 451 576 est
463 525 640 595 potestas-

598 690 748 729 ruvnsrns

642 776 743 847 Nulla,
758 780 783 834 si
797 780 900 852 cupias
919 775 1003 833 nihil.

598 955 748 997 rlurrivs

262 1022 352 1080 Natis
364 1021 526 1098 relinques.

598 1201 748 1239 ruvnsrss

534 1290 604 1348 Non
619 1294 701 1367 capit
715 1288 943 1366 regnum‘duos.

598 1482 749 1520 Tauranus

263 1574 358 1630 Miser
370 1592 436 1630 esse
450 1570 567 1628 mavult
580 1589 647 1627 esse
661 1574 715 1647 qui
728 1568 802 1626 felix
817 1569 942 1644 potest?

598 1746 749 1784 'rmsrns

262 1837 341 1894 Mihi
356 1836 457 1907 crede,
471 1835 554 1894 falsis
566 1855 678 1912 magna
692 1834 865 1891 nominibus
879 1832 1011 1909 placent,

220 1919 332 1977 frustra
344 1923 493 1977 timentur
506 1918 589 1975 dura.
632 1915 706 1975 dum
720 1914 857 1973 excelsus
871 1919 955 1985 steti,

220 2020 385 2077 numquam
398 2020 509 2076 pavere
523 2000 629 2057 destiti
642 2006 736 2075 atque
749 2002 849 2074 ipsum
863 1999 924 2053 mei

221 2082 335 2140 ferrum
348 2086 458 2139 timere
471 2080 582 2138 lateris.
626 2100 645 2136 o
658 2087 807 2156 quantum
821 2079 935 2135 bonum
949 2084 998 2135 est

222 2163 343 2220 obstare
357 2161 443 2232 nulli,
457 2181 566 2237 capere
580 2180 700 2217 securas
713 2159 808 2235 dapes
1066 2165 1126 2215 450

222 2242 307 2300 humi
321 2243 493 2327 iacentem!
535 2241 650 2299 scelera
664 2260 726 2297 non
740 2245 858 2320 intra-nt
871 2261 963 2311 casas,

221 2332 368 2401 tutusque
382 2328 489 2381 mensa
502 2327 621 2399 capitur
634 2320 765 2399 angusta
778 2323 864 2379 cibus
876 2342 884 2391 ;

222 2425 376 2463 venenum
389 2410 422 2462 in
435 2424 509 2462 auro
523 2405 645 2462 bibitur.
689 2412 833 2480 expertus
848 2404 971 2481 loquor:

221 2487 331 2544 malam
345 2488 442 2544 bonae
456 2485 610 2563 praeferre
623 2485 778 2542 fortunam
790 2485 872 2543 licet.

220 2589 282 2625 non
296 2572 410 2626 vertice
424 2568 478 2624 alti
493 2573 606 2625 montis
619 2571 793 2643 impositam
806 2566 930 2623 domum

221 2657 255 2706 et
269 2653 457 2707 eminentem
471 2654 577 2707 civitas
590 2649 714 2706 humilis
728 2652 835 2705 tremit
931 2690 937 2695 -
956 2682 961 2691 »
984 2692 989 2699 ,

220 2749 279 2787 nec
292 2729 394 2806 fulget
405 2730 476 2788 altis
490 2730 684 2806 splendidum
698 2734 790 2787 tectis
809 2730 884 2786 ebur

221 2831 402 2888 somnosque
416 2832 478 2868 non
492 2810 634 2869 defendit
648 2812 807 2869 excubitor
819 2830 903 2868 meos
915 2830 923 2878 3

222 2913 284 2949 non
299 2892 442 2950 classibus
456 2898 607 2970 piscamur
620 2902 654 2950 et
668 2902 750 2950 retro
764 2913 847 2950 mare

223 2978 303 3031 iacta
317 2974 456 3050 fugamus
470 2974 550 3032 mole
565 2994 623 3032 nee
637 2982 777 3031 ventrem
791 2975 961 3051 improbum
1066 2968 1126 3028 460

221 3055 331 3112 alimus
344 3057 462 3113 tributo
474 3060 625 3132 gentium,
639 3055 741 3113 nullus
753 3055 830 3112 mihi

224 3242 280 3293 128
