2556 3844
345 308 434 366 THE
462 308 704 369 TRAGEDIES
730 308 784 369 OF
813 308 976 369 SENECA

367 428 434 500 quis
448 443 530 480 nuuc
545 425 674 494 umbras,
690 432 772 494 nate,
787 423 938 481 tumultus

366 525 532 583 manesque
546 507 655 562 tenet?

366 585 447 661 fugit
460 586 592 644 abducta
606 589 708 644 navita
723 587 832 644 cumba

367 675 399 724 et
414 666 574 724 Centauris
588 667 733 725 Thessala
747 672 837 726 motis

367 746 438 805 ferit
452 752 598 806 attonitos
614 748 728 825 ungula
741 768 846 806 manes

366 849 541 906 anguesque
557 849 625 887 suos
639 829 735 906 hydra
750 831 806 887 sub
820 829 916 887 undas

366 915 473 967 territa
486 914 592 969 mersit
605 918 699 988 teque
713 910 840 982 labores,

367 1011 385 1048 ο
399 999 481 1063 nate,
496 994 630 1050 timent?

366 1073 463 1144 fallor,
476 1072 565 1130 fallor
579 1093 707 1131 vaesana
722 1074 843 1131 furens!
1032 1078 1109 1137 1930

366 1162 471 1213 necte
484 1174 589 1212 manes
603 1157 789 1232 umbraeque
803 1160 925 1223 timent,

366 1256 428 1293 non
442 1236 585 1313 Argolico
598 1245 685 1313 rapta
699 1237 780 1294 leoni

366 1316 449 1374 fulva
462 1317 551 1394 pellis
565 1326 706 1376 contecta
720 1318 791 1374 iuba

366 1398 467 1455 laevos
481 1403 580 1474 operit
595 1399 660 1456 dira
674 1399 803 1456 lacertus

365 1478 540 1554 vallantque
555 1479 637 1536 ferae
652 1487 791 1554 tempora
804 1478 914 1534 dentes
927 1495 934 1544 ;

365 1558 479 1615 donum
495 1558 655 1633 pharetrae
670 1577 787 1615 cessere
802 1566 873 1615 tuae

363 1638 487 1716 telaque
501 1643 606 1697 mittet
620 1643 679 1695 iam
693 1639 801 1696 dextra
814 1642 921 1695 minor.

365 1720 448 1778 vadis
461 1723 595 1791 inermis,
608 1728 690 1791 nate,
705 1740 760 1797 per
773 1720 903 1790 umbras,

363 1802 403 1859 ad
417 1821 490 1879 quas
505 1819 625 1878 semper
639 1821 797 1859 mansurus
811 1805 878 1860 eris.

546 2004 602 2043 VOX
625 2004 766 2043 HERCVLI!

243 2118 326 2191 Quid
340 2139 390 2176 me
403 2126 564 2176 tenentem
578 2138 673 2194 regna
686 2118 795 2176 siderei
810 2117 872 2195 poli
943 2184 955 2194 ³
1029 2122 1105 2182 1940

201 2198 347 2277 caeloque
361 2200 486 2257 tandem
501 2199 656 2258 redditum
669 2199 793 2276 planctu
808 2200 894 2256 iubes

201 2285 315 2339 sentire
329 2280 450 2338 fatum?
491 2300 599 2357 parce;
620 2285 679 2337 iam
694 2285 789 2338 virtus
803 2280 877 2336 mihi

200 2365 233 2418 in
247 2370 328 2421 astra
342 2370 375 2421 et
389 2367 468 2439 ipsos
483 2362 557 2420 fecit
571 2362 610 2419 ad
624 2382 748 2439 superos
762 2366 828 2419 iter.

582 2561 719 2602 Amulius

362 2678 461 2747 Vnde,
475 2677 558 2735 unde
572 2696 663 2734 sonus
677 2676 812 2752 trepidas
826 2694 913 2733 aures

321 2759 417 2817 ferit?
458 2759 540 2816 uude
555 2778 636 2815 meas
651 2757 771 2814 inhibet
784 2757 920 2813 lacrimas

321 2840 444 2916 fragor?
486 2859 616 2915 agnosco
631 2843 743 2896 victum
759 2857 825 2896 esse
839 2837 937 2894 chaos.

363 2921 391 2978 A
406 2921 512 2998 Styge,
525 2929 607 2991 nate,
622 2919 702 2978 redis
716 2924 828 2977 iterum
841 2918 916 2975 mihi

321 3001 477 3079 fractaque
492 3022 553 3059 non
567 3001 661 3060 semel
676 3008 724 3058 est
737 3019 817 3057 murs
831 2999 973 3056 horrida?

320 3087 418 3141 vicisti
432 3103 533 3141 rursus
547 3087 652 3140 mortis
666 3082 731 3138 loca

320 3169 430 3242 puppis
444 3173 477 3223 et
491 3164 627 3222 infernae
642 3163 718 3220 vada
731 3165 851 3220 tristia?
1025 3167 1101 3227 1950
