2544 3840
363 304 452 362 THE
480 303 719 362 TRAGEDIES
748 305 802 363 OF
830 304 992 364 SENECA

229 422 268 478 ad
283 421 372 478 chaos
386 424 477 477 inane
492 440 587 496 regna
602 440 671 477 cum
685 441 759 497 rege
774 422 907 497 abripis?

229 532 289 569 non
305 520 370 570 tota
384 512 422 567 ab
436 514 497 567 imo
514 519 598 575 tecta
612 510 786 568 convellens
800 512 863 568 solo
1057 520 1134 571 1010

229 605 321 659 vertis
336 602 502 678 Mycenas?
545 609 624 658 stare
639 605 718 657 circa
729 600 891 659 Tantalum

228 699 358 769 uterque
372 695 432 748 iam
447 690 614 749 debuimus,
657 690 729 747 hinc
745 692 940 768 compagibus
983 726 1002 773 3.
1016 714 1051 747 aa
1066 714 1135 782 unp,

229 789 262 840 et
274 781 347 838 hinc
361 780 496 850 revulsis,
511 784 535 838 si
550 781 623 858 quid
638 780 716 837 infra
730 780 855 839 Tartara
869 789 917 839 est

227 889 358 947 avosque
372 878 499 940 nostros,
514 868 574 927 huc
589 878 672 929 tuam
688 874 801 927 inmani
821 875 888 934 sinu

227 960 357 1018 demitte
372 960 481 1017 vallem
495 979 610 1037 nosque
625 959 760 1018 defossos
773 969 846 1037 tege

228 1049 404 1108 Acheronte
418 1057 492 1108 toto.
537 1054 644 1107 noxiae
658 1070 747 1126 supra
762 1059 855 1126 caput

226 1143 345 1197 animae
359 1147 509 1216 vagentur
522 1148 659 1197 nostrum
674 1148 707 1197 et
719 1140 840 1198 ardenti
854 1140 935 1199 freto

228 1228 421 1305 Phlegethon
434 1229 563 1286 harenas
577 1233 685 1305 igneus
699 1238 779 1288 totas
792 1250 888 1307 agens

226 1319 316 1376 exilia
331 1339 420 1396 supra
434 1326 536 1376 nostra
551 1318 702 1377 violentus
713 1320 828 1379 fluat-

225 1417 352 1473 immota
365 1409 457 1466 tellus
471 1408 591 1484 pondus
605 1413 748 1486 ignavum
763 1413 852 1480 iacet,
1054 1419 1131 1472 1020

225 1497 332 1574 fugere
348 1502 457 1574 superi.

625 1599 735 1637 aunsvs

442 1698 507 1755 Iam
521 1703 625 1776 accipe
639 1698 694 1757 hos
708 1704 809 1777 potius
824 1666 924 1759 libens
1018 1759 1024 1769 ,

225 1786 278 1844 diu
293 1792 454 1864 expetitos.
497 1788 580 1846 nulla
595 1809 649 1865 per
662 1789 788 1847 fratrem
803 1799 850 1848 est
864 1811 967 1862 mora3

224 1876 336 1950 fruere,
351 1878 495 1948 osculare,
510 1878 612 1936 divide
627 1880 784 1956 amplexus
798 1882 903 1939 tribus.

602 2057 752 2095 THYESTES

267 2150 335 2207 Hoc
349 2150 479 2209 foedus?
520 2153 596 2210 haec
611 2161 658 2211 est
672 2158 778 2230 gratia,
793 2154 869 2212 haec
883 2155 983 2216 fratris
998 2158 1094 2218 fides?

224 2243 266 2297 sic
281 2239 350 2297 odia
364 2242 474 2316 ponis?
516 2263 578 2299 non
592 2251 675 2319 peto,
690 2244 856 2303 incolumes
870 2256 957 2323 pater

223 2338 310 2387 natos
325 2338 360 2388 ut
374 2330 520 2400 habeam3
542 2333 656 2390 scelere
671 2333 753 2411 quod
767 2335 849 2392 salvo
863 2336 927 2394 dari

223 2419 352 2497 odioque
366 2426 470 2497 possit,
485 2422 581 2480 frater
594 2423 651 2480 hoc
666 2423 792 2482 fratrem
805 2445 896 2503 rogo:

223 2510 351 2587 sepelire
366 2512 464 2570 liceat.
508 2512 603 2570 redde
618 2514 700 2591 quod
714 2534 818 2573 cernas
833 2521 937 2574 statim

222 2603 269 2655 uri
281 2619 288 2668 ;
309 2600 386 2657 nihil
400 2609 433 2658 te
448 2606 569 2679 genitor
583 2602 741 2662 habiturus
755 2624 839 2681 rogo,

222 2687 277 2746 sed
291 2689 473 2766 perditurus,

621 2844 731 2884 ATuuvs

476 2941 633 3019 Quidquid
648 2963 665 3000 e
679 2947 759 3001 natis
773 2948 834 3002 tuis
1048 2955 1125 3007 1030

220 3036 359 3106 superest
375 3028 480 3102 habes,
493 3028 706 3110 quodcumque
720 3054 782 3090 non
797 3044 937 3111 superest
950 3036 1052 3096 habes.

224 3272 279 3330 172
