2556 3844
489 855 854 929 PHOENISSAE
893 881 896 887 ’

610 1125 732 1163 ounn’vs

259 1215 349 1271 Cancr
363 1217 498 1291 parentis
511 1216 650 1290 regimen
664 1220 697 1270 et
711 1211 782 1270 fessi
797 1217 920 1270 unicum
995 1265 999 1273 .

217 1306 321 1363 lateris
334 1305 484 1373 levamen,
499 1310 581 1375 nata,
594 1323 685 1381 quam
699 1307 780 1362 tanti
797 1311 845 1361 est
859 1303 933 1359 mihi

218 1399 360 1472 genuisse
374 1393 421 1451 vel
437 1398 488 1464 sic,
503 1393 610 1451 desere
625 1393 793 1452 infaustum
808 1401 936 1470 patrem.

218 1489 250 1540 in
264 1492 348 1541 recta
361 1482 435 1560 quid
449 1481 585 1539 deflectis
600 1491 754 1540 errantem
768 1481 921 1559 gradum?

218 1576 364 1650 permitte
378 1571 439 1627 labi
451 1590 459 1639 ;
480 1570 588 1628 melius
603 1575 756 1628 inveniam
769 1575 858 1642 viam,

219 1681 309 1740 quam
323 1679 445 1738 quaero,
460 1659 550 1730 solus,
564 1678 642 1737 quae
657 1679 706 1717 me
720 1661 759 1717 ab
773 1660 830 1717 hac
844 1665 907 1720 vita
921 1662 1062 1720 extrahat

220 1760 252 1810 et
266 1751 323 1808 hoc
338 1749 464 1808 nefandi
479 1753 586 1826 capitis
600 1758 727 1826 aspectu
741 1750 825 1808 levet

220 1841 338 1899 caelum
351 1849 444 1918 atque
458 1848 562 1897 terras.
598 1839 780 1917 quantulum
793 1839 850 1897 hac
865 1845 915 1916 egi
930 1843 1042 1897 manu?

219 1951 281 1988 non
295 1930 385 1988 video
399 1950 495 1987 noxae
510 1934 664 1987 conscium
678 1937 799 1987 nostrae
813 1929 905 2000 diem,

220 2022 275 2079 'sed
288 2022 400 2079 videor,
444 2020 515 2077 hinc
530 2023 590 2076 iam
605 2019 686 2077 solve
702 2019 915 2077 inhaerentem
929 2040 1053 2077 manum
1089 2025 1124 2075 10

221 2119 253 2168 et
267 2118 373 2187 patere
388 2129 512 2166 caecum
527 2129 586 2187 qua
601 2108 684 2166 volet
697 2108 769 2166 ferri
786 2109 905 2185 pedem.

221 2201 281 2270 ibo,
295 2200 345 2255 ibo
360 2217 418 2275 qua
433 2207 596 2274 praerupta
610 2199 768 2275 protendit
783 2203 854 2275 iuga

220 2307 306 2346 meus
322 2287 494 2359 Cithaeron,
509 2308 569 2367 qua
583 2297 743 2365 peragrato
757 2289 839 2347 celer

221 2398 360 2456 persana
373 2386 478 2435 monte
493 2381 585 2435 iacuit
601 2378 738 2435 Actaeon
752 2383 813 2437 suis

220 2489 298 2525 nova
312 2467 425 2545 praeda
439 2467 573 2539 canibuS,
587 2487 646 2545 qua
660 2487 715 2543 per
729 2469 889 2526 obscurum
903 2488 1010 2526 nemus

198 2590 200 2593 ·
221 2559 387 2635 silvamque
401 2576 513 2633 opacae
527 2556 612 2613 vallis
627 2561 785 2615 instinctas
800 2558 858 2615 deo

222 2653 287 2725 egit
301 2666 416 2704 sorores
430 2655 528 2704 mater
543 2655 575 2704 et
589 2647 725 2723 gaudens
739 2647 819 2704 malo

221 2739 360 2795 vibrante
375 2737 467 2794 lixum
482 2736 628 2814 praetulit
641 2737 746 2815 thyrso
761 2745 871 2813 caput3

222 2828 271 2885 vel
285 2846 345 2904 qua
360 2831 501 2897 cucurrit,
517 2847 623 2903 corpus
638 2828 760 2885 inlisum
774 2826 908 2896 trahens,

223 2916 311 2975 Zethi
326 2920 479 2987 iuvencuS,
494 2936 554 2994 qua
568 2937 622 2993 per
636 2916 795 2974 horrentes
809 2918 898 2985 rubos
1087 2924 1125 2973 20

255 3039 263 3071 ¹
281 3039 313 3088 In
329 3039 375 3088 the
387 3040 592 3105 corresponding
608 3039 696 3089 Greek
707 3040 752 3105 pla
782 3040 904 3089 achorus
920 3040 948 3089 ol
965 3039 1125 3089 Phoenician

223 3104 341 3155 maidens
358 3121 392 3154 on
409 3105 481 3154 ihair
497 3121 557 3170 way
573 3114 603 3154 to
622 3105 719 3169 Delphi
737 3057 853 3155 chanced
870 3110 899 3155 to
915 3105 948 3155 bc
965 3110 994 3155 at·
1012 3104 1122 3162 Thebes,

223 3172 287 3221 Thia
299 3170 489 3221 circumstance
500 3171 573 3236 gives
585 3170 631 3220 the
643 3171 706 3235 play
718 3171 755 3221 ita
767 3187 849 3220 name.

224 3252 282 3314 346
