2556 3844
356 293 444 351 THE
472 294 713 353 TRAGEDIES
742 294 797 352 OF
825 293 988 353 SENECA

218 408 267 466 vel
281 408 383 481 falsuS,
397 409 619 488 aderas—quas
634 417 738 487 petam
752 419 847 468 terras
861 430 946 481 anus,

218 502 313 556 invisa
327 504 423 558 saevis
436 502 568 577 regibus,
584 505 609 557 si
624 505 691 578 quis
704 508 809 558 tamen

218 608 271 646 rex
286 597 334 647 est
348 590 472 648 relictus
486 593 615 649 saevus?
657 594 686 648 ei
699 594 827 648 miserae
842 589 936 647 mihi!

218 682 401 757 quicumque
416 700 517 738 caesos
531 684 661 758 ingemit
675 688 764 738 natus
778 689 891 757 patres,

218 788 236 825 a
249 787 299 825 me
313 775 402 844 petet
416 768 571 846 supplicia,
585 790 635 827 me
650 774 753 827 cuncti
767 770 906 827 obruent.

219 861 243 915 si
257 860 324 933 quis
338 861 436 915 minor
450 859 562 917 Busiris
576 868 630 918 aut
643 864 669 917 si
683 863 749 937 quis
763 863 862 916 minor

220 946 356 1004 Antaeus
369 949 474 1005 orbem
487 948 622 1007 fervidae
636 957 734 1006 terret
747 949 865 1026 plagae,

218 1055 276 1114 ego
290 1036 402 1113 praeda
416 1037 509 1094 ducar
521 1057 528 1107 ;
549 1041 574 1095 si
588 1042 655 1114 quis
670 1034 812 1095 Ismarius
825 1056 936 1115 greges

217 1126 341 1185 Thracis
356 1131 475 1184 cruenti
489 1127 631 1199 vindicat,
646 1136 773 1204 carpent
786 1146 896 1204 greges
1043 1132 1123 1195 1790

217 1235 285 1274 mea
299 1218 435 1275 membra
448 1217 514 1274 diri.
558 1216 683 1276 forsitan
698 1238 811 1294 poenas
825 1225 914 1294 petet

217 1309 293 1363 irata
308 1305 405 1375 Iuno;
426 1314 509 1365 totus
523 1306 583 1365 hue
597 1308 727 1385 vergetl
742 1308 846 1375 dolor;

217 1415 322 1453 secura
337 1399 417 1453 victo
430 1397 557 1454 tandem
571 1400 610 1457 ab
624 1397 733 1455 Alcide
748 1405 844 1468 vacat,

122 1538 128 1551 ,
217 1486 325 1561 paelex
339 1505 556 1562 supersum—a
570 1496 684 1565 quanta
698 1487 845 1565 supplicia
859 1494 986 1563 expetet

216 1594 256 1631 ne
270 1595 378 1650 parere
393 1576 523 1651 possim!
567 1577 642 1635 fecit
656 1577 705 1635 hic
720 1584 810 1634 natus
823 1576 899 1634 mihi

216 1672 338 1721 uterum
352 1665 533 1725 timendum.

535 1757 622 1829 Quae
636 1764 740 1833 petam
755 1754 904 1813 Alcmene
918 1757 1005 1814 loca?

216 1848 283 1923 quis
297 1865 347 1903 me
362 1845 454 1916 locuS,
469 1866 547 1924 quae
562 1849 654 1920 regio,
670 1861 747 1918 quae
761 1842 868 1901 muudi
883 1843 973 1920 plaga

216 1935 366 1994 defendet
380 1943 434 1992 aut
448 1954 521 2012 quas
535 1939 633 1989 mater
647 1935 680 1987 in
693 1929 825 1988 latebras
840 1952 912 2009 agar

216 2026 329 2101 ubique
344 2031 445 2099 perte
459 2022 554 2078 nota?
595 2023 638 2077 sic
652 2023 781 2095 patn'am
795 2029 899 2097 petam

216 2115 354 2189 laresque
368 2111 514 2167 miseros?
557 2108 655 2186 Argos
671 2109 859 2188 Eurystheus
874 2121 969 2171 tenet.
1043 2122 1120 2171 1800

216 2205 324 2260 marita
338 2198 458 2257 Thebas
472 2218 568 2276 regna
582 2207 615 2258 et
630 2200 773 2258 Ismenon
788 2210 891 2278 petam

216 2289 425 2367 thalamosque
438 2296 565 2360 nostros,
580 2293 610 2346 in
627 2291 735 2368 quibus
749 2291 900 2367 quondam
916 2288 1018 2346 lovem

216 2380 329 2439 dilecta
342 2379 427 2438 vidi?
468 2399 523 2456 pro
537 2383 627 2438 nimis
641 2379 724 2451 felix,
738 2383 836 2449 nimis

217 2475 242 2529 si
255 2470 469 2528 fulminantem
485 2472 596 2545 etipsa
610 2474 770 2527 sensissem
786 2467 889 2545 lovem
903 2470 908 2526 !

216 2564 333 2619 utinam
348 2563 423 2617 meis
437 2560 601 2618 visceribus
610 2559 740 2617 Alcides
755 2558 836 2618 foret

205 2658 342 2731 ‚exectus
362 2649 478 2707 infans!
522 2669 604 2706 nunc
617 2648 724 2707 datum
739 2656 787 2706 est
800 2656 931 2726 tempus
945 2650 1052 2708 datum
1074 2663 1121 2711 est
1156 2724 1165 2729 -

217 2738 321 2797 videre
336 2747 441 2796 natum
456 2738 546 2796 laude
562 2745 733 2796 certantem
748 2737 821 2808 Iovi,

217 2838 253 2888 ut
267 2836 300 2887 et
313 2828 371 2885 hoc
385 2827 517 2900 daretur,
532 2832 608 2886 scire
623 2827 696 2904 quid
711 2827 809 2885 fatum
823 2827 897 2885 mihi

218 2922 335 2995 eripere
349 2925 459 2994 posset.

250 3099 259 3132 ¹
276 3100 311 3151 So
322 3099 427 3150 Richter
438 3099 498 3148 with
510 3099 549 3153 N.
563 3100 706 3150 Heinsiow:
722 3100 775 3150 Leo
791 3102 870 3152 reads
888 3103 999 3167 iuretur
1014 3105 1076 3156 with
1093 3128 1121 3168 u,

217 3167 273 3216 und
283 3165 436 3229 conjectures
447 3169 566 3230 exurget.

218 3247 278 3306 326
