2556 3844
361 292 450 349 THE
476 290 717 348 TRAGEDIES
745 290 801 348 OF
829 290 993 348 SENECA

342 427 405 464 non
418 415 524 464 tamen
537 406 612 463 viles
626 410 685 463 eris
699 410 781 463 inter
794 407 925 476 umbras,

344 489 468 546 Aeacon
480 490 489 525 ¹
505 493 586 545 inter
599 492 797 564 geminosque
812 487 917 545 Cretas

344 569 425 627 facta
439 570 623 639 discernenS,
638 568 751 625 feriens
764 577 918 646 tyrannos.

343 656 468 728 parcite,
483 672 502 706 o
516 651 606 720 dites,
620 650 759 707 inhibete
774 650 905 707 dextras.
1053 649 1137 709 1560

343 732 442 789 laudis
456 741 504 789 est
517 751 627 808 purum
641 736 776 789 tenuisse
790 731 914 801 ferrum,

345 833 475 891 cumque
489 814 646 888 regnabas,
660 818 761 869 minus
775 817 807 869 in
824 812 964 889 procellis

345 899 376 951 in
391 903 459 951 tuas
473 896 563 951 urbes
576 895 697 952 licuisse
711 893 790 952 fatis.

386 975 448 1033 Sed
460 976 561 1032 locum
575 981 671 1033 virtus
686 975 779 1032 habet
793 980 874 1033 inter
887 983 976 1034 astra.

345 1057 425 1114 sedis
438 1066 559 1114 arctoae
573 1062 705 1133 spatium
719 1057 840 1114 tenebis
892 1128 901 1138 ⁵

344 1160 384 1195 an
397 1159 505 1215 graves
517 1138 610 1195 Titan
624 1140 675 1197 ubi
689 1143 802 1214 promit
815 1140 941 1196 aestus?

344 1241 384 1278 an
398 1221 454 1277 sub
468 1240 574 1276 occasu
588 1219 694 1296 tepido
708 1220 830 1289 nitebis

345 1301 427 1359 unde
442 1306 600 1358 commisso
614 1320 755 1359 resonare
769 1309 864 1376 ponto

344 1383 450 1439 audies
464 1383 600 1459 Calpen?
642 1383 708 1439 loca
722 1401 800 1459 quae
815 1387 915 1439 sereni

344 1464 497 1540 deprimes
512 1463 611 1520 caeli?
652 1468 719 1540 quis
734 1468 793 1521 erit
806 1471 931 1540 recepto
1052 1468 1134 1526 1570

344 1553 430 1602 tutus
445 1543 553 1601 Alcide
567 1544 650 1602 locus
663 1549 745 1601 inter
758 1547 861 1602 astra?

345 1625 467 1683 horrido
480 1634 601 1683 tantum
615 1626 720 1703 procul
733 1647 751 1682 a
765 1626 854 1684 leone

345 1707 400 1765 det
413 1716 501 1783 pater
514 1708 602 1765 sedes
617 1708 774 1784 calidoque
788 1727 905 1778 cancro,

345 1810 385 1847 ne
399 1797 453 1846 tuo
467 1789 552 1847 vultu
568 1789 748 1847 tremefacta
757 1789 842 1864 leges

345 1879 425 1928 astra
439 1871 624 1928 conturbent
637 1871 834 1948 trepidetque
848 1869 947 1927 Titan.

345 1971 416 2010 vere
430 1952 504 2009 dum
518 1951 604 2009 flores
621 1956 748 2009 venient
763 1955 884 2027 tepenti

346 2042 379 2091 et
393 2053 509 2090 comam
523 2032 605 2090 silvis
618 2032 734 2090 hiemes
748 2033 896 2102 recident,

346 2114 394 2171 vel
405 2134 522 2171 comam
536 2114 616 2172 silvis
631 2116 783 2172 revocabit
797 2122 895 2172 aestas

345 2215 494 2273 pomaque
508 2204 655 2253 autumno
669 2195 808 2271 fugiente
823 2196 945 2268 cedent,

347 2276 430 2333 nulla
443 2285 476 2334 te
490 2282 578 2335 terris
593 2281 692 2354 rapiet
706 2285 841 2335 vetustas
853 2297 861 2345 ;
1053 2284 1133 2335 1580

345 2367 380 2415 tu
395 2378 495 2416 comes
511 2358 642 2429 Phoebo,
657 2377 758 2415 comes
771 2359 828 2415 ibis
842 2362 937 2416 astris.

346 2448 418 2497 ante
433 2447 574 2497 nascetur
588 2459 675 2516 seges
689 2444 721 2496 in
735 2439 886 2516 profundo
927 2503 935 2515 ,

345 2522 393 2579 vel
408 2520 521 2578 fretum
535 2520 617 2577 dulci
630 2522 784 2578 resonabit
798 2520 889 2592 unda,

346 2610 419 2659 ante
434 2602 602 2659 descendet
616 2602 750 2677 glacialis
764 2622 851 2659 ursae

346 2685 428 2741 sidus
442 2692 474 2740 et
488 2691 583 2760 ponto
597 2688 693 2740 vetito
706 2682 834 2753 fruetur,

346 2784 436 2841 quam
450 2773 518 2822 tuas
532 2764 637 2822 laudes
651 2764 755 2841 populi
770 2769 936 2842 quieseant.

387 2845 441 2915 Te,
455 2854 543 2921 pater
557 2865 667 2916 rerum,
681 2851 783 2903 miseri
797 2840 975 2922 precamur:

347 2926 431 2983 nulla
444 2935 584 2985 nascatur
598 2927 673 2998 fera,
687 2928 771 2984 nulla
785 2932 889 3004 pestis,

347 3027 408 3064 non
422 3007 515 3065 duces
529 3028 631 3065 saevos
646 3008 817 3066 miseranda
833 3009 925 3066 tellus

347 3089 478 3159 horreat,
492 3089 576 3146 nulla
590 3089 764 3147 dominetur
777 3090 845 3147 aula
1052 3097 1131 3156 1590

224 3195 298 3319 310¹
316 3194 350 3245 So
362 3195 505 3245 Gronovius
514 3212 522 3243 :
539 3196 640 3245 Aeacos
652 3196 704 3246 Leo
714 3196 775 3245 with
788 3196 826 3246 ll:
844 3197 1014 3260 Aeacumque
1025 3197 1061 3246 A.
