2538 3846
363 282 452 340 THE
480 281 720 341 TRAGEDIES
748 282 803 341 OF
831 282 992 340 SENECA

621 434 731 477 mnis

263 520 305 578 Vt
318 540 409 578 nemo
423 521 532 579 doceat
545 521 659 579 fraudis
674 529 706 579 et
721 521 842 579 sceleris
857 524 928 591 vias,

222 620 350 677 regnum
365 602 495 660 docebit.
539 624 578 660 ne
593 602 665 660 mali
679 603 754 660 fiant
768 604 881 660 times?

221 691 394 741 nascuntur.
437 684 519 742 istud
533 684 614 761 quod
629 704 716 742 vocas
731 704 853 742 saevum
866 702 1006 759 asperum

220 768 331 841 agique
346 764 421 822 dure
436 766 534 823 credis
549 773 582 823 et
595 770 722 823 nimium
736 770 839 843 impie,

220 842 348 903 fortasse
363 854 396 904 et
409 846 471 904 illic
484 851 593 924 agitur.

603 998 742 1037 SATELLES

596 1086 685 1144 Hanc
700 1086 838 1144 fraudem
853 1091 951 1172 scient

221 1169 285 1222 nati
299 1168 418 1242 parari?

618 1294 728 1332 ATnnvs

412 1381 517 1439 Tacita
530 1390 592 1439 tam
608 1383 731 1441 rudibus
746 1382 820 1440 fides

220 1480 282 1518 non
297 1470 344 1519 est
358 1467 390 1518 in
404 1467 508 1532 annis;
529 1464 680 1541 detegent
693 1463 794 1521 forsan
807 1462 892 1522 dolos
906 1483 913 1532 ;

220 1550 322 1601 tacere
336 1543 440 1601 multis
454 1544 581 1603 discitur
594 1549 674 1603 vitae
690 1544 784 1603 malis.

602 1713 742 1752 SATELLES

151 1864 154 1869 ,
218 1880 235 1937 f
249 1800 406 1938 Ιῗρεξεῳιε
420 1821 476 1877 per
490 1820 564 1879 quos
580 1800 685 1859 fallere
699 1801 792 1859 alium
806 1804 921 1879 cogites

231 1902 249 1938 a
274 1902 321 1940 es.

616 1985 728 2023 ATREvs

328 2071 370 2128 Vt
383 2075 440 2148 ipsi
455 2076 580 2131 crimine
595 2082 628 2131 et
642 2073 730 2152 culpa
744 2082 861 2132 vacent.

219 2152 292 2230 quid
307 2157 389 2210 enim
403 2173 527 2211 necesse
543 2163 589 2212 est
603 2155 714 2213 liberos
728 2155 835 2213 sceleri
849 2173 932 2211 meos

219 2236 372 2292 inserere?
415 2254 470 2310 per
483 2255 538 2292 nos
552 2236 621 2293 odia
635 2256 667 2293 se
681 2243 783 2293 nostra
798 2235 1003 2312 explicent.—

220 2313 299 2371 male
313 2319 386 2392 agis,
402 2316 529 2388 recediS,
543 2320 664 2374 anime:
686 2321 710 2374 si
724 2321 820 2393 parcis
835 2320 905 2386 tuin

220 2416 325 2472 parces
339 2405 372 2455 et
385 2397 452 2455 illis.
496 2397 600 2455 consili
616 2397 827 2475 Agamemnon
841 2401 903 2454 mei

220 2482 318 2536 sciens
332 2483 471 2536 minister
485 2478 537 2536 fiat
551 2486 584 2536 et
597 2483 676 2556 patri
690 2482 788 2536 sciens

222 2560 381 2618 Menelaus
394 2564 475 2618 assit.
518 2560 609 2637 prolis
623 2565 758 2618 incertae
773 2560 847 2618 fides

221 2661 259 2698 ex
273 2641 331 2698 hoc
345 2649 468 2717 petatur
482 2641 615 2699 scelere:
636 2645 661 2700 si
675 2640 756 2699 bella
769 2643 908 2700 abnuunt

222 2730 255 2780 et
269 2742 375 2799 gerere
390 2723 500 2781 nolunt
514 2722 591 2793 odia,
606 2727 631 2780 si
645 2731 787 2800 patruum
801 2730 920 2793 vocant,

220 2812 308 2880 pater
322 2812 377 2861 est.
421 2803 655 2863 eatur-multa
668 2804 722 2862 sed
736 2804 873 2881 trepidus
888 2804 966 2862 solet
1064 2812 1123 2863 330
1188 2848 1192 2855 -

221 2884 367 2960 detegere
381 2883 491 2955 vultus,
506 2904 616 2961 magna
630 2885 787 2944 nolentem
801 2905 922 2963 quoque

221 2965 344 3022 consilia
358 2965 508 3041 produnt:
529 2971 667 3025 nesciant
680 2974 812 3044 quantae
826 2972 870 3025 rei

221 3045 295 3103 fiant
308 3051 446 3105 ministri.
489 3056 591 3106 nostra
605 3056 639 3107 tu
655 3057 763 3125 coepta
777 3048 904 3108 occules.

448 3170 457 3201 ¹
475 3172 516 3237 By
527 3146 659 3238 Thyeste}
668 3172 773 3239 against
784 3174 891 3223 Atreus.

225 3260 279 3311 118
