2538 3846
370 302 460 359 THE
487 301 728 360 TRAGEDIES
757 301 812 360 OF
838 302 1000 361 SENECA

603 451 762 492 anorsruva
806 471 808 477 η

706 540 786 612 Vita,
801 545 825 598 si
840 544 943 618 cupias
956 546 1040 599 mori.

226 631 367 707 abripite,
381 629 497 701 famuli,
511 636 681 688 monstrum
696 638 729 687 et
742 637 880 688 avectam
894 630 997 706 procul

228 719 308 778 ultra
323 719 469 797 Mycenas
484 719 592 777 ultimo
606 724 638 776 in
652 723 740 796 regni
755 720 867 797 angulo

229 813 343 867 vincite
357 818 494 887 saeptam
508 817 600 867 nocte
615 810 769 867 tenebrosi
784 829 902 886 specus,

228 907 264 956 ut
277 903 446 977 inquietam
459 903 609 977 virginem
623 919 726 957 carcer
744 898 857 957 domet.
1057 906 1133 957 1000

555 1100 808 1140 CLYTAEMNESTRA

269 1190 313 1248 At
326 1195 384 1249 ista
397 1209 511 1267 poenas
526 1193 626 1266 capite
641 1189 795 1266 persolvet
808 1209 862 1247 suo

227 1284 346 1357 captiva
360 1284 502 1351 coniunx,
516 1284 592 1358 regii
606 1279 715 1357 paelex
729 1283 796 1337 tori.

226 1370 350 1441 trahite,
364 1377 400 1427 ut
414 1377 558 1447 sequatur
572 1372 733 1445 coniugem
748 1377 889 1446 ereptum
903 1368 986 1426 mihi.

596 1561 764 1600 cassANnna

268 1651 316 1708 Ne
330 1650 453 1720 trahite,
468 1658 584 1708 vestros
597 1655 662 1727 ipsa
676 1650 856 1727 praecedam
869 1650 988 1728 gradus.

225 1739 361 1818 perferre
375 1745 472 1817 prima
485 1743 628 1798 nuntium
643 1740 812 1819 Phrygibus
827 1744 903 1799 meis

225 1830 548 1907 propero-repletum
561 1831 677 1888 ratibus
691 1835 802 1888 eversis
816 1850 909 1901 mare,

226 1929 329 1997 captas
345 1920 500 1998 Mycenas,
515 1920 599 1978 mille
613 1921 772 1979 ductorem
786 1921 909 1994 ducum,

227 2020 261 2069 ut
275 2014 359 2088 paria
372 2010 434 2068 fata
448 2011 562 2068 Troicis
576 2011 677 2070 lueret
690 2011 786 2083 malis,

226 2105 341 2178 perisse
356 2099 436 2157 dono
450 2099 739 2178 feminae-stupro,
754 2100 832 2158 dolo.

228 2189 304 2247 nihil
318 2209 479 2262 moramur,
493 2194 602 2266 rapite,
616 2194 690 2267 quin
704 2198 807 2267 grates
822 2210 886 2266 ago.
1056 2195 1132 2246 1010

226 2285 295 2351 iam,
310 2283 370 2336 iam
383 2283 468 2337 iuvat
481 2283 589 2338 vixisse
604 2287 674 2356 post
691 2280 821 2351 Troiam,
836 2284 927 2337 iuvat.

554 2469 807 2509 cauranuuasrna

267 2530 400 2604 Furiosa,
413 2552 539 2590 morere.

598 2707 765 2748 omsaunaa

545 2796 658 2854 Veniet
672 2804 705 2854 et
719 2796 802 2853 vobis
816 2794 906 2853 furor.
