2538 3846
366 273 455 332 THE
481 273 721 335 TRAGEDIES
750 275 805 335 OF
833 276 994 336 SENECA

224 408 284 446 nox
298 389 356 446 alia
370 389 431 461 fiat,
447 390 568 448 excidat
581 392 666 449 caelo
680 391 753 449 dies.

223 474 315 529 misce
330 479 468 547 penates,
481 472 802 547 odiacaedesfunera,

223 572 341 610 arcesse
356 560 389 610 et
402 552 495 629 imple
510 553 639 611 Tantalo
653 561 749 611 totam
764 554 910 613 domum.1

264 632 400 691 Ometur
414 634 510 692 altum
525 635 666 693 columen
680 643 713 693 et
726 636 810 693 lauro
824 636 904 694 fores

222 714 321 772 laetae
335 719 494 787 virescant,
509 716 620 793 dignus
633 716 768 775 adventu
781 726 836 775 tuo

222 795 416 871 splendescat
429 797 712 874 ignis—Thracium
727 798 779 856 fiat
798 798 884 858 nefas

223 880 336 934 maiore
351 897 486 935 numero.
529 878 638 936 dextra
651 899 704 936 cur
717 884 817 956 patrui
832 882 940 939 vacat?

222 957 358 1015 nondum
372 958 522 1036 Thyestes
536 960 646 1018 liberos
663 960 757 1019 deflet
775 982 885 1021 suos-

222 1047 255 1097 et
268 1039 390 1117 quando
403 1040 514 1099 tollet?
555 1043 677 1118 ignibus
690 1045 750 1099 iam
764 1044 893 1102 subditis
954 1072 957 1079 ·

187 1114 190 1119 ⁴
221 1129 365 1196 spument
378 1141 464 1193 aena,
479 1123 615 1180 membra
627 1143 683 1200 per
696 1132 799 1200 partes
810 1133 883 1183 eant
1087 1124 1127 1184 60

222 1201 383 1279 discerpta,
397 1207 511 1280 patrios
524 1204 642 1281 polluat
656 1209 778 1282 sanguis
792 1204 884 1276 focos,

221 1283 329 1360 epulae
344 1287 636 1343 instruantur-non
651 1290 721 1344 novi
734 1286 857 1346 sceleris
870 1289 927 1346 tibi

221 1366 346 1421 conviva
359 1370 472 1424 venies.
515 1367 644 1443 liberum
659 1367 801 1426 dedimus
813 1369 896 1427 diem

221 1453 366 1523 tuamque
380 1447 420 1505 ad
433 1452 507 1505 istas
521 1448 663 1506 solvimus
676 1469 797 1507 mensas
810 1449 923 1508 famem
936 1470 943 1519 ;

221 1530 333 1584 ieiunia
347 1528 447 1605 exple,
461 1533 574 1587 mixtus
588 1533 620 1586 in
635 1529 789 1588 Bacchum
803 1551 890 1588 cruor

221 1616 381 1684 spectante
396 1617 429 1667 te
443 1618 587 1686 potetur3
608 1614 711 1668 inveni
725 1611 820 1688 dapes

221 1708 295 1766 quas
308 1693 373 1767 ipse
387 1690 634 1768 fugeres-siste,
649 1711 709 1769 quo
722 1712 867 1771 praeceps
881 1696 964 1752 ruis?

544 1918 672 1957 'rsuram
693 1919 794 1959 vMuna

262 2005 310 2062 Ad
326 2013 434 2084 stagna
449 2014 481 2064 et
495 2027 600 2065 amnes
615 2015 648 2065 et
662 2008 842 2067 recedentes
857 2030 949 2088 aquas

220 2086 371 2163 labrisque
386 2088 424 2145 ab
439 2092 511 2164 ipsis
525 2089 638 2146 arboris
652 2089 762 2166 plenae
776 2089 872 2168 fugas.

220 2169 303 2225 abire
318 2173 351 2224 in
364 2176 463 2226 atrum
479 2173 606 2227 carceris
619 2169 711 2228 liceat
725 2176 786 2230 mei

220 2248 331 2320 cubile,
344 2248 444 2321 liceat,
460 2255 485 2308 si
499 2270 605 2327 parum
619 2252 724 2310 videor
736 2257 837 2324 miser,

220 2337 339 2388 mutare
353 2336 432 2408 ripas
444 2351 452 2400 3
473 2330 559 2390 alveo
573 2333 692 2391 medius
705 2342 768 2405 tuo,

221 2411 424 2490 Phlegethon,
439 2413 593 2491 relinquar
606 2418 698 2492 igneo
712 2420 830 2473 cinctus
844 2415 932 2474 freto.

261 2492 453 2572 Quicumque
468 2515 581 2572 poenas
594 2495 665 2573 lege
679 2496 811 2554 fatorum
825 2496 912 2555 datas

219 2579 284 2650 pati
297 2576 418 2647 iuberiS,
433 2580 567 2653 quisquis
582 2597 672 2635 exeso
687 2582 766 2636 iaces

219 2655 346 2731 pavidus
360 2658 416 2715 sub
429 2666 517 2715 antro
530 2662 652 2739 iamque
666 2663 787 2717 venturi
801 2663 892 2717 times

219 2741 331 2795 montis
346 2743 473 2810 ruinam,
489 2744 623 2817 quisquis
637 2741 793 2798 avidorum
806 2739 886 2798 feros

219 2823 312 2877 rictus
325 2819 449 2878 leonum
464 2829 496 2879 et
510 2821 575 2879 dira
590 2822 746 2879 Furiarum
761 2825 882 2899 agmina

394 2924 403 2956 ¹
420 2927 501 2992 impla
512 2927 609 2976 scelere
620 2927 777 2977 Tantaleam
788 2927 895 2977 domurn
906 2926 942 2978 A.

251 3038 380 3089 ¹Procne
400 3040 453 3089 aud
471 3041 519 3090 her
537 3040 661 3117 uronged
681 3041 768 3100 sister,
792 3040 947 3117 Philomela,
969 3041 1062 3090 served
1086 3057 1122 3106 up

220 3103 1038 3222 litt.tlhththtt‘tiltsseffttlnltht35:⁰⁹·

220 3251 259 3319 96
