2514 3828
387 251 476 309 THE
503 248 742 308 TRAGEDlES
771 247 826 306 OF
854 246 1016 305 SENECA

244 367 349 444 procul
364 371 396 422 in
410 372 562 423 remotum
576 365 648 422 litus
663 367 798 421 interimi
812 363 893 432 iube,

244 448 370 507 tandem
385 456 420 505 ut
434 447 549 505 residat
562 449 694 524 pectoris
709 448 805 503 nostri
819 448 918 501 timor.

639 645 752 685 CHORVS

406 734 435 792 O
449 734 588 791 funestus
602 734 706 791 multis
720 733 824 810 populi

365 815 507 893 dirusque
521 815 614 887 favor,
629 819 681 893 qui
695 835 765 872 cum
779 814 852 872 flatu

366 898 432 955 vela
445 898 579 955 secundo
593 902 665 954 ratis
679 896 819 972 implevit
840 930 843 936 Δ

365 984 509 1056 vexitque
523 978 637 1054 procul,
652 977 813 1054 languidus
827 976 911 1034 idem
1089 983 1150 1035 880

366 1060 481 1119 deserit
495 1059 557 1116 alto
572 1079 721 1137 saevoque
738 1062 821 1115 mari.

365 1141 448 1199 flevit
462 1141 614 1198 Gracchos
628 1140 799 1198 miseranda
812 1159 932 1217 parem,

366 1222 500 1300 perdidit
514 1227 623 1299 ingens
638 1242 712 1300 quos
727 1221 825 1298 plebis
839 1240 923 1278 amor

365 1308 535 1381 nimiusque
550 1303 635 1360 favor
648 1323 762 1380 genere
776 1302 919 1372 illustres,

364 1390 481 1462 pietate
496 1385 555 1443 fide
570 1385 674 1461 lingua
688 1385 792 1454 claros,

364 1473 490 1542 pectore
504 1465 608 1536 forteS,
622 1466 742 1542 legibus
756 1484 848 1523 acres.

364 1555 397 1604 te
412 1566 542 1624 quoque,
559 1547 636 1617 Livi,
651 1545 741 1603 simili
754 1546 819 1603 leto

365 1628 499 1685 Fortuna
512 1628 609 1698 dedit,
624 1647 715 1704 quem
730 1646 831 1704 neque
849 1627 945 1693 fasces

364 1716 469 1767 texere
484 1729 555 1767 suae
570 1729 627 1766 nec
642 1716 726 1766 tecta
739 1708 855 1766 domus.

364 1791 450 1867 plura
464 1790 578 1848 referre
592 1789 735 1868 prohibet
748 1810 891 1866 praesens
1089 1795 1148 1855 890

364 1872 505 1949 exempla
518 1872 612 1930 dolor.
639 1872 745 1940 *modo
760 1875 808 1928 cui
823 1875 951 1947 patriam

363 1953 493 2011 reddere
508 1957 588 2012 cives
603 1953 702 2010 aulam
717 1960 750 2010 et
763 1952 864 2011 fratris

364 2035 486 2092 voluere
500 2042 591 2106 toros,
605 2054 687 2092 nunc
701 2033 741 2091 ad
754 2054 885 2110 poenam

262 2119 265 2124 ’
341 2124 343 2128 ”
364 2114 522 2192 letumque
535 2115 616 2174 trahi
629 2116 755 2174 flentem
769 2120 910 2174 miseram

364 2216 489 2254 cernere
504 2205 638 2272 possunt.
681 2198 761 2254 bene
775 2205 937 2273 paupertas

364 2278 471 2335 humili
485 2287 569 2336 tecto
582 2286 728 2335 contenta
742 2277 820 2335 latet
832 2299 840 2347 ;
949 2334 953 2341 ,

365 2364 507 2436 quatiunt
521 2360 598 2417 altas
612 2379 702 2436 saepe
717 2359 868 2436 procellae

363 2449 417 2498 aut
431 2445 542 2499 evertit
557 2441 691 2499 Fortuna
707 2441 820 2499 domos

628 2626 753 2665 ocTAvm

404 2713 474 2786 Quo
487 2735 537 2773 me
552 2715 673 2773 trahitis
687 2714 806 2792 quodve
820 2704 968 2791 tyrannus
1022 2722 1024 2727 '

361 2804 415 2854 aut
429 2796 553 2854 exilium
567 2800 672 2873 regina
686 2797 782 2867 iubet,
1085 2804 1144 2863 900

362 2882 387 2935 si
400 2877 476 2934 mihi
490 2881 585 2935 vitam
598 2878 695 2935 fracta
708 2881 840 2935 remittit

361 2965 410 3016 tot
423 2963 482 3015 iam
497 2963 607 3016 nostris
622 2967 655 3017 et
668 2963 748 3017 victa
761 2958 869 3015 malis?

363 3044 409 3097 sin
424 3040 518 3097 caede
532 3060 602 3098 mea
615 3040 769 3098 cumulare
783 3047 870 3115 parat

360 3121 460 3180 luctus
474 3128 601 3193 nostros,
616 3122 733 3181 invidet
746 3124 840 3180 etiam
