2544 3862
360 296 449 353 THE
478 294 718 353 TRAGEDIES
747 294 802 353 OF
830 294 992 353 SENECA

223 431 329 469 omnes
342 415 404 468 tuis
416 430 424 479 ;
445 429 563 468 cessere
579 417 612 467 et
625 413 721 467 aversi
742 409 847 486 fugam

224 510 341 583 petiere
356 509 446 574 cives,
461 503 547 561 clade
562 503 685 561 funesta
702 507 804 561 iacens

224 600 343 657 obtexit
357 619 445 676 agros
459 597 708 655 miles-exultes
723 597 796 656 licet

223 697 378 770 victorque
393 692 493 750 fratris
507 692 602 768 spolia
615 692 729 749 deiecti
742 711 840 769 geras,

223 787 393 865 frangenda
406 786 507 863 palma
522 794 577 844 est.
620 786 710 864 quale
724 795 759 844 tu
773 786 831 844 hoe
846 787 960 845 bellum
975 796 1074 865 putas,

223 886 256 939 in
269 901 330 959 quo
344 880 547 939 execrandum
561 884 657 938 victor
670 881 807 940 admittit
820 881 916 953 nesae,

223 980 248 1033 si
262 975 397 1052 gaudet?
439 975 520 1032 hunc
535 994 626 1051 quem
641 978 762 1032 vincere
776 974 883 1032 infelix
898 979 993 1052 cupis,
1067 973 1128 1034 640

224 1066 298 1126 cum'
308 1073 424 1139 viceriS,
438 1068 565 1146 lugebis
609 1068 755 1126 infaustas
770 1089 827 1146 age

223 1163 346 1221 dimitte
360 1183 486 1240 pugnas,
501 1163 596 1220 libera
610 1167 739 1240 patriam
753 1170 849 1235 metu,

224 1259 309 1316 luctu
323 1266 474 1335 parentes.

597 1394 756 1434 Potercus

475 1496 604 1555 Sceleris
618 1505 651 1554 et
665 1496 779 1555 fraudis
793 1517 865 1555 suae

224 1611 336 1669 poenas
350 1590 500 1648 nefandus
514 1590 609 1648 frater
624 1598 658 1648 ut
672 1589 770 1648 nullas
784 1590 885 1649 ferat?

617 1806 737 1844 locAsTA

266 1909 312 1966 Ne
327 1915 440 1965 metue.
483 1927 596 1985 poenas
611 1916 644 1966 et
657 1907 781 1984 quidem
796 1907 892 1965 solvet
907 1927 1033 1984 graves:

223 2005 372 2081 regnabit.
415 2011 463 2062 est
477 2003 552 2062 haec
567 2025 673 2084 poena.
717 2009 741 2063 si
755 2005 887 2074 dubitas,
900 2025 956 2062 avo

223 2102 363 2175 patrique
377 2097 488 2166 crede;
510 2099 641 2156 Cadmus
655 2098 712 2156 hoc
726 2098 810 2156 dicet
828 2100 885 2156 tibi

224 2191 389 2269 Cadmique
404 2191 511 2268 proles.
555 2199 674 2269 sceptra
688 2191 835 2249 Thebano
849 2192 908 2250 fuit

223 2290 347 2363 impune
362 2285 438 2342 nulli
452 2306 570 2362 gerere,
585 2306 642 2343 nec
656 2291 814 2363 quisquam
826 2285 885 2345 fide

222 2389 312 2458 rupta
325 2381 446 2439 tenebit
460 2381 519 2438 illa.
562 2384 621 2437 iam
636 2400 777 2438 numeres
790 2380 863 2438 licet
1067 2378 1128 2437 650

224 2475 349 2533 fratrem
363 2479 444 2532 inter
458 2479 539 2533 istos.

546 2596 549 2603 ⁴
604 2626 746 2665 ersoctns

549 2720 707 2791 Numeret,
723 2729 770 2778 est
784 2725 863 2778 tanti
877 2721 951 2778 mihi

223 2835 291 2873 cum
307 2816 428 2892 regibus
442 2818 548 2871 iacere.
592 2823 624 2872 te
638 2815 746 2872 turbae
761 2814 884 2872 exulum

222 2898 345 2954 ascribe.

615 3063 734 3101 locAsTA

355 3164 470 3242 Regna,
486 3162 650 3222 dummodo
665 3168 777 3257 invisus
792 3169 861 3223 tuis.

224 3269 283 3328 394
