2556 3844
378 288 467 346 THE
495 288 734 348 TRAGEDIES
762 289 816 347 OF
845 289 1007 348 SENECA

639 441 750 478 HYLLVS

510 528 602 604 Fugit
615 532 756 598 attonita,
771 532 800 585 ei
815 529 898 587 mihi.

239 617 361 684 peracta
374 613 434 665 iam
448 629 515 685 pars
529 613 633 666 matris
648 614 843 667 estss-statuit
857 615 933 668 mori
946 630 954 679 ;

238 711 319 747 nunc
333 698 435 747 nostra
449 698 597 767 superest,
611 694 716 748 mortis
731 691 849 749 auferre
863 696 1021 769 impetum.

238 791 257 827 o
270 775 379 828 misera
392 773 509 848 pietas!
531 776 555 829 si
569 776 645 828 mori
659 780 788 829 matrem
803 781 897 843 vetaS,

238 857 317 928 patri
332 872 364 909 es
378 852 542 923 scelestus;
564 858 589 910 si
601 858 678 911 mori
692 858 814 930 pateris,
829 862 933 911 tamen

237 937 269 989 in
283 941 381 991 matre
395 954 510 1010 peccas
554 943 644 1011 urget
658 934 729 992 hinc
743 934 827 992 illinc
842 935 947 993 scelus

237 1015 404 1073 inhibenda
417 1023 521 1074 tamen
535 1024 592 1087 est,
607 1036 712 1074 verum
726 1025 760 1074 ut
775 1021 900 1093 eripiam
915 1017 1020 1075 scelus.
1066 1026 1143 1078 1030

577 1199 579 1203 ’
636 1203 749 1242 CHORVS

440 1290 554 1348 Verum
569 1298 616 1348 est
630 1290 711 1368 quod
725 1293 838 1349 cecinit
851 1310 936 1348 sacer

400 1371 547 1429 Thressae
562 1373 618 1430 sub
634 1372 795 1447 Rhodopes
808 1375 887 1448 iugis

398 1461 506 1528 aptans
521 1452 649 1510 Pieriam
664 1452 775 1529 chelyn

400 1532 542 1609 Orpheus
557 1532 708 1610 Calliopae
722 1552 830 1610 genus,

398 1621 558 1671 aeternum
572 1614 636 1672 fieri
647 1614 731 1671 nihil.

398 1694 479 1752 illius
493 1699 581 1753 stetit
595 1696 633 1753 ad
647 1696 753 1754 modos

399 1781 542 1834 torrentis
555 1777 653 1854 rapidi
667 1777 777 1856 fragor,

398 1858 571 1936 oblitusque
586 1864 671 1937 sequi
685 1860 790 1937 fugam

398 1944 499 1998 amisit
512 1940 611 2018 liquor
624 1944 792 2018 impetum;

397 2028 430 2078 et
444 2020 518 2078 dum
532 2021 704 2080 fluminibus
717 2042 802 2078 mora
815 2030 872 2093 est,
1062 2033 1139 2083 1040

397 2101 546 2158 defecisse
560 2109 671 2176 putant
685 2102 784 2160 Getae

399 2179 539 2237 Hebrum
554 2181 695 2239 Bistones
714 2181 822 2239 ultimi.

396 2259 519 2319 advexit
531 2260 684 2319 volucrem
698 2281 806 2323 nemus

397 2350 429 2400 et
443 2342 517 2400 silva
530 2343 666 2401 residens
679 2347 781 2411 venit3

396 2432 450 2482 aut
463 2428 487 2482 si
502 2444 561 2501 qua
574 2444 644 2482 aera
662 2424 808 2501 pervolat,

396 2505 506 2563 auditis
521 2525 596 2583 vaga
610 2508 749 2565 cantibus

394 2587 457 2645 ales
470 2587 615 2645 deficiens
629 2588 718 2646 cadit.

396 2670 549 2746 abrumpit
562 2670 700 2747 scopulos
714 2669 813 2729 Athos

396 2750 562 2808 Centauros
577 2753 676 2810 obiter
690 2751 792 2810 ferens
1147 2801 1150 2806 .

395 2838 428 2888 et
442 2835 526 2888 iuxta
542 2832 710 2910 Rhodopen
724 2838 812 2891 stetit
1060 2842 1137 2894 1050

394 2911 494 2969 laxata
507 2917 577 2972 nive
596 2916 752 2983 cantibus3

395 3001 427 3050 et
441 3002 586 3070 quercum
599 2995 719 3072 fugiens
734 3014 819 3051 suam
839 2993 843 3004 '

394 3073 433 3130 ad
447 3083 548 3132 vatem
561 3083 704 3152 properat
718 3074 823 3152 Dryas.

393 3155 432 3213 ad
447 3165 553 3214 cantus
566 3160 695 3214 veniunt
707 3163 776 3214 tuos
