2432 3838
343 295 432 352 THE
461 292 702 352 TRAGEDIES
730 292 786 350 OF
814 291 976 351 SENECA

206 411 292 469 illam
303 411 464 469 dehiscens
477 418 589 494 pontus
603 414 634 465 in
650 427 795 485 praeceps
809 413 888 485 rapit

207 493 367 569 hauritque
383 499 416 549 et
429 492 492 549 alto
506 491 657 548 redditam
671 495 801 548 revomit
814 494 890 547 mari
901 509 908 558 ;
1051 498 1116 549 500

205 574 281 632 haec
295 593 388 631 onere
403 573 484 643 sidit,
500 572 551 629 illa
564 571 740 629 convulsum
754 572 833 629 latus

206 658 360 714 submittit
374 655 473 725 undis,
487 653 595 712 fluctus
609 653 688 710 hanc
702 652 838 711 decimus
857 657 945 730 tegit.

206 737 282 794 haec
296 737 394 794 lacera
408 743 441 793 et
455 739 537 792 omni
551 735 661 792 decore
676 736 820 812 populato
834 736 908 793 levis

205 820 304 876 fluitat
319 837 376 874 nec
390 816 434 873 illi
447 817 515 874 vela
528 836 586 874 nec
600 824 706 873 tonsae
720 824 848 874 manent

206 916 263 957 nec
278 907 380 956 rectus
393 898 470 956 altas
484 898 581 955 malus
596 905 754 955 antemnas
769 897 881 967 ferenS,

206 981 261 1039 sed
275 988 382 1037 trunca
395 988 462 1037 toto
475 983 585 1056 puppis
600 980 695 1035 Icario
708 987 802 1036 natat.

206 1062 249 1119 nil
264 1066 340 1119 ratio
355 1069 387 1119 et
401 1081 472 1119 usus
485 1060 580 1117 audet
592 1080 599 1129 ;
619 1079 666 1117 ars
680 1065 771 1117 cessit
784 1059 879 1118 malis.

206 1151 295 1201 tenet
309 1143 413 1199 horror
426 1150 518 1212 artus,
533 1146 630 1199 omnis
644 1141 740 1198 officio
753 1149 858 1218 stupet

205 1228 308 1282 navita
321 1225 438 1296 relicto,
452 1243 553 1281 remus
567 1223 674 1299 effugit
687 1242 802 1280 manns.

205 1311 237 1363 in
251 1315 322 1364 vota
335 1311 460 1363 miseros
474 1306 599 1362 ultimus
613 1308 696 1381 cogit
715 1308 807 1362 timor
1051 1311 1115 1364 510

205 1388 373 1465 eademque
388 1406 512 1463 superos
526 1385 619 1444 Troes
634 1393 667 1443 et
681 1384 780 1442 Danai
793 1392 911 1462 rogant.

205 1469 277 1546 quid
292 1469 355 1525 fata
369 1469 513 1544 possunt!
554 1466 672 1524 invidet
687 1466 818 1544 Pyrrhus
832 1470 920 1542 patri,

205 1550 292 1606 Aiaci
306 1549 418 1618 Vlixes,
436 1548 563 1605 Hectori
578 1547 701 1605 Atrides
718 1553 826 1617 minor,

206 1631 398 1707 Agamemno
414 1629 550 1697 Priam03
572 1634 706 1706 quisquis
720 1629 758 1686 ad
773 1630 893 1686 Troiam
907 1633 988 1686 iacet
1007 1647 1015 1660 ·

204 1712 279 1769 felix
294 1719 427 1780 vocatur,
443 1711 550 1768 cadere
565 1715 618 1787 qui
632 1715 743 1768 meruit
756 1711 870 1781 manu,l

205 1813 298 1871 quem
312 1791 393 1849 fama
407 1799 515 1863 servat,
530 1796 609 1849 victa
623 1811 715 1868 quem
729 1791 821 1849 tellus
836 1794 923 1867 tegit.

206 1875 275 1931 “nil
291 1874 394 1932 nobile
408 1893 494 1931 ausos
509 1881 620 1949 pontus
635 1881 727 1950 atque
742 1873 842 1930 undae
857 1873 985 1930 ferunt?

205 1961 313 2034 ignava
327 1956 422 2013 fortes
435 1954 499 2012 fata
513 1962 693 2013 consument
707 1957 806 2011 viros?

204 2037 361 2115 perdenda
374 2056 455 2093 mors
469 2038 537 2094 est?
579 2039 713 2113 quisquis
727 2055 759 2093 es
774 2035 910 2093 nondum
923 2036 1010 2092 malis

203 2124 314 2176 satiate
328 2122 422 2175 tantis
438 2116 590 2187 caelitum,
604 2116 730 2174 tandem
745 2124 832 2173 tuum
1050 2123 1114 2175 520

103 2228 107 2234 ·
204 2218 321 2257 numen
335 2216 442 2255 serena
454 2216 462 2265 ;
483 2196 619 2255 cladibus
632 2201 743 2254 nostris
754 2198 841 2256 daret

205 2281 253 2338 vel
269 2280 358 2337 Troia
371 2278 515 2336 lacrimas
559 2278 628 2335 odia
642 2284 666 2336 si
681 2278 793 2337 durant
806 2288 859 2337 tua

204 2361 367 2439 placetque
381 2365 463 2418 mitti
479 2359 624 2416 Doricum
638 2364 732 2417 exitio
746 2380 852 2435 genuS,

204 2443 278 2520 quid
294 2443 348 2500 hos
363 2441 452 2499 simul
466 2446 565 2518 perire
581 2443 737 2498 uobiscum
752 2446 844 2512 iuvat,

204 2525 314 2601 quibus
328 2526 482 2600 perimus?
525 2526 623 2579 sistite
638 2522 783 2579 infestum
797 2542 898 2590 mare;

203 2605 289 2662 vehit
303 2607 361 2663 ista
376 2604 497 2661 Danaos
511 2603 612 2660 classis
627 2612 660 2660 et
673 2604 764 2660 Troas
778 2604 892 2660 vehit.''

205 2707 262 2743 nec
278 2687 364 2763 plura
377 2693 522 2762 possunt3
541 2693 670 2761 occupat
684 2704 789 2741 vocem
803 2704 894 2741 mare.

507 2830 517 2862 ¹
533 2833 567 2882 So
579 2832 623 2881 A:
640 2833 693 2881 Leo
704 2832 795 2897 gradu.

236 3044 245 3076 ¹
263 3046 352 3110 Every
364 3046 442 3095 tenth
454 3061 528 3096 wavc
543 3061 597 3094 was
614 3044 745 3109 supposed
763 3049 792 3093 to
809 3045 842 3093 be
859 3045 905 3093 the
922 3049 1039 3110 greatest
1056 3047 1116 3098 and

204 3117 274 3160 most
285 3110 455 3161 destructiva.

235 3176 246 3207 ²
263 3176 304 3227 te.
326 3178 353 3225 in
373 3176 469 3242 saiety.
504 3177 560 3226 The
581 3180 700 3225 contrast
721 3176 782 3224 here
801 3177 823 3224 is
842 3175 962 3225 between
980 3177 1117 3228 timorous

203 3268 242 3315 44
