2552 3846
350 252 439 309 THE
466 249 706 308 TRAGEDIES
735 248 790 306 OF
811 248 980 307 'SENECA

210 373 262 446 qui
276 376 367 445 putet
381 367 477 425 solum
492 366 585 424 decus
600 385 666 423 esse
681 369 768 442 regni
1260 404 1266 617 Ι

211 470 331 527 semper
345 454 516 525 impensum
530 452 665 506 tenuisse
680 447 802 505 sermm.

211 537 236 590 si
251 531 324 609 quid
339 535 474 588 interris
489 535 600 588 iterum
614 533 751 599 timetur,

210 615 363 671 vindicem
377 621 477 670 terrae
491 615 624 688 petimus
638 610 770 668 relictae.
1260 654 1265 681 ,

253 695 326 751 Heu
341 693 414 770 quid
429 693 508 751 hoc?
552 692 682 750 mundus
696 701 791 749 sonat.
836 711 907 750 ecce
922 699 1048 760 maeret,

187 814 193 825 ι
211 784 328 833 maeret
343 775 474 832 Alciden
490 782 593 851 patcr3
613 794 653 830 an
667 773 794 831 deorum

212 858 334 928 clamor,
348 877 388 913 an
404 877 459 914 vox
474 865 521 914 est
535 856 661 913 timidae
676 857 846 913 novercae?
1260 692 1266 951 1

214 938 350 996 Hercule
364 958 403 995 an
417 942 480 995 viso
494 938 575 1014 fugit
589 946 669 995 astra
684 937 784 995 Iuno?

213 1040 316 1097 passus
330 1040 370 1076 an
384 1019 503 1097 pondus
516 1020 662 1077 titubavit
676 1018 784 1076 Atlas?
1067 1069 1070 1074 .

212 1122 252 1158 an
265 1106 361 1178 magis
375 1102 433 1158 diri
447 1109 600 1158 tremuere
614 1119 719 1157 manes
1041 1094 1119 1155 1600

214 1183 382 1241 Herculem
397 1192 430 1241 et
443 1186 541 1239 visum
555 1184 637 1239 canis
651 1179 818 1238 inferorum

213 1263 293 1340 fugit
307 1266 443 1341 abruptis
457 1264 594 1340 trepidus
608 1265 745 1320 catenis?

213 1345 363 1415 fa'llimur;
384 1346 466 1403 laeto
479 1349 565 1403 venit
579 1364 651 1402 ecce
668 1344 753 1402 voltu

213 1447 305 1504 quem
318 1427 391 1485 tulit
407 1427 522 1484 Poeans
537 1430 709 1503 umerisque
723 1425 786 1483 tela

213 1517 316 1585 gestat
330 1517 363 1566 et
376 1516 463 1565 notas
477 1507 596 1584 populis
611 1487 777 1583 pharetras,
856 1538 859 1542 ·

356 1588 498 1646 Herculis
512 1588 611 1646 heres.

255 1705 353 1763 Effare
368 1724 463 1776 casuS,
477 1709 603 1776 iuvenis,
620 1704 789 1762 Herculeos
803 1723 909 1781 precor
969 1708 972 1713 '

214 1788 359 1865 voltuque
374 1807 505 1864 quonam
519 1787 626 1845 tulerit
643 1784 764 1844 Alcides
778 1805 894 1844 necem.

563 1936 760 1976 immortuus
770 1918 783 1956 ²

256 2000 325 2072 Quo
339 2021 431 2059 nemo
443 2005 545 2059 vitam.

611 2117 724 2156 cuouvs

553 2191 666 2249 Laetus
677 2191 794 2250 adeone
810 2192 933 2250 ultimos

216 2276 326 2332 invasit
339 2275 447 2351 ignes?

568 2373 764 2412 ruuocrurus

452 2446 526 2506 Esse
540 2452 599 2505 iam
613 2448 745 2505 flammas
759 2447 837 2506 nihil
1043 2445 1121 2506 1610

216 2530 352 2588 ostendit
366 2529 426 2586 ille.
470 2530 543 2607 quid
557 2531 613 2588 sub
627 2530 684 2587 hoc
698 2531 813 2588 mundo
830 2528 980 2588 Hercules

215 2614 350 2668 immune
364 2614 444 2668 vinci
458 2611 570 2688 liquit?
612 2632 652 2669 en
665 2611 781 2670 domita
794 2616 901 2670 omnia.

610 2790 723 2828 cuouvs

258 2867 345 2925 lnter
359 2887 483 2944 vapores
497 2872 563 2944 quis
577 2868 636 2927 fuit
650 2869 722 2928 forti
735 2870 841 2927 locus?

249 3004 258 3034 ¹
280 3006 332 3053 The
351 3005 471 3064 dictoque
491 2978 644 3068 rurouptour
663 3009 714 3058 thir
732 3022 801 3060 oceno
818 3009 841 3059 iu
857 3009 931 3070 picen
947 3008 979 3070 ty
997 3009 1049 3059 Leo
1066 3010 1120 3059 ond

217 3069 322 3120 Richter
338 3078 363 3120 to
379 3072 498 3122 rVuotiuc
514 3076 568 3122 auu
587 3074 835 3136 Otorru‚soltorrio9
846 3075 890 3135 19¹3
910 3082 935 3125 to
946 3074 1050 3125 Nutrix
1065 3075 1120 3125 and

216 3135 368 3186 Philoctetae
385 3138 408 3187 A
420 3155 432 3196 ,·
448 3138 515 3188 uince
526 3139 718 3203 the-mercemur
729 3140 752 3189 ic
763 3140 892 3204 obvioruly
904 3140 1055 3191 Philoctetes
1073 3144 1120 3201 (εει

217 3224 275 3275 312
