2556 3844
344 241 433 299 THE
459 242 700 302 TRAGEDIES
729 244 784 303 OF
813 244 975 302 SENECA
1266 52 1271 352 A

369 365 482 417 stratus
496 363 603 417 vestris
617 363 749 435 saetiger
762 364 842 436 agris

369 439 492 516 alesque
506 445 591 516 sequi
605 444 684 497 iussa
700 444 826 515 sagittas
881 483 888 495 .

368 528 469 578 totum
482 526 576 597 pinna
591 521 713 578 velante
728 521 818 578 diem.
1034 530 1112 589 1890

368 600 439 658 flete
454 602 625 679 Argolicae,
638 601 721 673 flete,
734 602 865 661 Cleonae
876 623 883 671 ;

369 681 418 739 hic
432 690 601 741 terrentem
615 689 735 741 moenia
749 685 901 761 quondam

369 771 470 821 vestra
483 764 604 823 leonem
618 764 711 841 fregit
725 770 820 823 nostri

367 844 495 903 dextera
508 850 573 903 nati
586 866 593 915 ;
614 847 685 904 date
701 847 854 905 Bistoniae

369 928 494 984 verbera
508 935 620 986 matres
633 928 813 1006 gelidusque
828 936 917 986 sonet

367 1007 540 1085 planctibus
559 1009 699 1077 Hebrus;
720 1009 792 1068 flete
807 1010 947 1081 Alciden,

368 1090 450 1167 quod
464 1112 526 1147 non
540 1090 666 1148 stabulis
680 1095 814 1149 nascitur
828 1090 927 1149 infans

368 1192 426 1230 nec
440 1181 540 1230 vestra
554 1192 663 1248 greges
677 1177 791 1231 viscera
809 1180 945 1249 carpunt.

367 1252 438 1311 fleat
452 1253 573 1311 Antaeo
586 1254 681 1311 libera
694 1254 786 1311 tellus

368 1342 401 1390 et
414 1343 501 1409 rapta
514 1334 579 1392 fero
592 1335 683 1410 plaga
697 1335 857 1410 Geryonae
869 1353 877 1401 ;

367 1433 488 1470 mecum
501 1418 628 1470 miserae
642 1415 780 1488 plangite
794 1420 915 1487 genteS,

367 1493 471 1550 audiat
484 1498 562 1550 ictus
576 1501 704 1568 utraque
719 1491 842 1568 Tethys.
935 1545 938 1549 ,

408 1573 468 1629 Vos
482 1592 612 1650 quoque,
626 1573 732 1630 mundi
746 1573 836 1629 turba
850 1576 944 1643 citati,

366 1653 437 1711 flete
454 1654 631 1725 Herculeos
646 1658 779 1725 numina,
794 1673 879 1710 casus
889 1672 907 1723 ;·

368 1744 501 1794 vestrum
516 1736 639 1793 Alcides
653 1739 769 1793 cervice
784 1756 870 1793 meus

366 1819 525 1889 mundum,
539 1821 649 1894 superi,
663 1818 841 1893 caelumque
856 1817 938 1887 tulit,
1050 1876 1054 1883 ,

367 1920 436 1957 cum
450 1899 598 1976 stelligeri
611 1907 715 1957 vector
729 1898 853 1976 Olympi

367 1981 502 2058 pondere
516 1981 593 2039 liber
607 1984 731 2057 spiravit
744 1980 862 2038 Atlans.

367 2063 419 2120 ubi
433 2082 515 2119 nunc
529 2070 657 2132 vestrae,
673 2062 821 2138 luppiter,
835 2064 943 2119 arces?

366 2144 418 2201 ubi
433 2146 570 2219 promissi
584 2147 668 2219 regia
681 2142 810 2200 mundi?

367 2244 478 2300 nempe
493 2223 617 2281 Alcides
630 2224 765 2280 mortalis
779 2224 853 2293 obit,

366 2326 477 2382 nempe
492 2305 636 2381 sepultus
680 2308 821 2382 quotiens
835 2303 905 2361 telis

366 2387 541 2464 facibusque
555 2390 616 2443 tuis
629 2386 681 2443 ille
695 2390 842 2462 pepercit,
914 2388 915 2392 ’

366 2472 507 2546 quotiens
520 2471 600 2543 ignis
614 2467 802 2544 spargendus
818 2467 902 2523 erat!

366 2555 397 2606 in
411 2570 461 2607 me
475 2549 584 2607 saltem
597 2549 727 2606 iaculare
741 2548 840 2606 facem

366 2630 569 2707 Semelenque
583 2638 666 2706 puta.

406 2711 511 2769 Iamne
526 2710 652 2788 Elysias
667 2731 685 2767 ο
702 2718 784 2781 nate,
798 2711 915 2781 domus

366 2796 425 2848 iam
439 2793 511 2850 litus
525 2792 619 2850 habes
633 2793 671 2849 ad
686 2792 766 2870 quod
781 2791 907 2869 populos

365 2882 473 2930 natura
486 2875 596 2931 vocat?

365 2976 405 3011 an
419 2962 488 3030 post
502 2963 621 3030 raptum
637 2955 713 3031 Styx
727 2962 792 3011 atra
806 2973 912 3010 canem

365 3035 527 3112 praeclusit
542 3039 601 3092 iter
614 3043 707 3112 teque
721 3038 753 3091 in
764 3039 862 3110 primo

364 3117 468 3174 limine
485 3115 565 3173 Ditis
579 3115 642 3174 fata
655 3117 834 3173 morantur?
