2538 3846
363 277 452 334 THE
479 276 719 334 TRAGEDIES
749 276 803 333 OF
832 275 994 334 SENECA

228 393 297 450 hinc
311 395 457 469 auspicari
471 412 567 469 regna
580 392 759 450 Tantalidae
775 392 885 462 solent,

225 486 296 544 hinc
309 495 416 564 petere
430 487 521 563 lapsis
535 487 625 544 rebus
639 507 674 543 ac
688 487 788 544 dubiis
802 506 901 563 opem.

225 581 312 638 affixa
325 581 488 638 inhaerent
502 581 602 648 dona3
623 579 742 638 vocales
756 581 849 637 tubae

223 673 373 752 fractique
387 694 501 744 currus,
515 674 611 750 spolia
625 674 739 751 Myrtoi
754 677 854 744 maris,
1071 672 1132 732 660

224 772 384 846 victaeque
398 768 480 826 falsis
494 768 600 826 axibus
614 769 753 845 pendent
767 776 852 825 rotae

224 871 258 921 et
271 882 361 920 omne
375 867 477 941 gentis
491 861 607 920 facinus
620 882 628 931 ;
649 862 706 919 hoc
722 861 871 938 Phrygius
886 861 953 919 loco

96 970 134 997 ‘a
225 957 300 1017 fixus
312 961 404 1026 tiaras
421 957 549 1033 Pelopis,
563 957 613 1014 hic
627 957 740 1033 praeda
754 956 888 1014 hostium

225 1059 258 1109 et
271 1051 311 1109 de
324 1051 480 1128 triumpho
494 1055 576 1128 picta
589 1052 745 1109 barbarico
760 1050 905 1127 chlamys.

266 1145 346 1204 Fons
360 1153 422 1203 stat
435 1146 492 1203 sub
506 1145 611 1202 umbra
625 1149 721 1204 tristis
736 1153 770 1203 et
782 1146 870 1223 nigra
881 1149 968 1222 piger

225 1240 332 1298 haeret
345 1239 475 1317 palude3
496 1238 566 1297 talis
581 1247 628 1297 est
642 1239 726 1297 dirae
741 1239 845 1317 Stygis

224 1333 367 1392 deformis
382 1333 464 1391 unda
478 1353 556 1410 quae
571 1332 645 1401 facit
659 1333 743 1391 caelo
758 1333 858 1391 fidem.

224 1427 295 1484 hinc
310 1435 400 1485 nocte
415 1424 505 1484 caeca
518 1446 643 1503 gemere
658 1420 768 1484 ferales
782 1427 856 1485 deos
929 1424 972 1475 &⁴¹1

224 1521 305 1578 fama
319 1529 375 1592 est,
390 1525 505 1579 catenis
518 1520 605 1579 lucus
619 1525 751 1579 excussis
766 1529 854 1579 sonat

223 1614 403 1692 ululantque
417 1634 529 1672 manes.
573 1614 721 1692 quidquid
734 1615 839 1673 audire
854 1623 902 1673 est
915 1624 1016 1673 metus
1067 1614 1128 1677 670
1230 1636 1241 1645 ·

222 1708 285 1766 illic
299 1708 439 1778 videtur3
460 1717 541 1767 errat
554 1713 688 1787 antiquis
702 1717 790 1767 vetus

224 1806 332 1862 emissa
345 1803 442 1861 bustis
456 1805 546 1861 turba
560 1811 593 1861 et
607 1803 757 1861 insultant
771 1803 837 1862 loco

223 1900 335 1954 maiora
348 1900 428 1954 notis
442 1905 595 1966 monstra3
615 1902 690 1975 quin
704 1893 782 1956 tota'
784 1897 863 1956 solet

222 1995 332 2049 micare
347 1991 421 2049 silva
435 1991 562 2064 flamma,
578 2000 611 2050 et
626 1992 765 2051 excelsae
782 1993 884 2051 trabes

220 2084 332 2142 ardent
346 2089 411 2142 sinc
425 2090 505 2161 igne.
549 2105 640 2162 saepe
654 2084 767 2143 latratu
782 2107 890 2144 nemus

151 2182 166 2211 ’·’
222 2181 303 2235 trino
318 2182 460 2254 remugit,
475 2198 565 2255 saepe
580 2178 747 2235 simulacris
760 2178 869 2236 domus

221 2277 352 2330 attonita
366 2275 491 2349 magnis.
534 2292 592 2330 nec
606 2272 672 2329 dies
687 2271 775 2329 sedat
788 2281 924 2342 metum;
958 2345 963 2352 Ι

221 2386 281 2424 nox
295 2370 415 2443 propria
429 2366 498 2424 luco
513 2374 560 2423 est
574 2374 607 2424 et
621 2370 796 2443 superstitio
811 2366 942 2425 inferum
1046 2386 1051 2397 ⁴

220 2463 252 2517 in
266 2461 334 2519 luce
348 2460 449 2519 medi’a'
463 2469 580 2537 regnat.
624 2460 696 2517 hinc
710 2461 866 2518 orantibus

219 2575 369 2633 responsa.
377 2556 489 2614 dantur
502 2564 595 2626 certa,
610 2576 679 2613 cum
694 2559 814 2632 ingenti
828 2576 902 2613 sono

219 2649 360 2709 laxantur
373 2650 467 2728 adyto
481 2650 544 2707 fata
558 2658 592 2708 et
605 2654 738 2728 inmugit
752 2670 860 2729 specus

219 2763 324 2803 vocem
339 2745 398 2803 deo
412 2744 559 2802 solvente.

560 2837 630 2909 Quo
644 2845 804 2915 postquam
819 2837 923 2895 furens

218 2935 343 2990 intravit
358 2932 471 2990 Atreus
485 2931 596 2990 liberos
610 2931 711 2990 fratris
726 2931 861 3002 trahens,

218 3033 364 3083 ornantur
378 3030 556 3103 arae—quis
570 3035 664 3104 queat
677 3026 771 3102 digne
787 3025 910 3102 eloqui?

218 3128 287 3196 post
300 3127 389 3198 terga
401 3125 546 3179 iuvenum
560 3120 677 3178 nobiles
692 3120 802 3196 religat
816 3139 924 3177 manus

221 3233 278 3294 146
