2544 3862
363 293 453 350 THE
480 292 719 351 TRAGEDIES
748 293 802 350 OF
831 291 992 350 SENECA

223 417 278 466 aut
291 413 316 465 si
329 407 452 485 aliquod
466 416 500 466 et
512 427 562 465 me
577 415 658 465 teste
673 410 824 465 committi
838 414 952 483 potest,

224 510 287 547 non
301 489 354 547 fiet
368 510 471 547 unum.

600 688 753 728 ANTIGONA

476 778 570 856 Signa
584 777 701 835 collatis
715 781 831 835 micant

224 865 322 918 vicina
336 864 439 936 signis,
455 860 567 916 clamor
580 859 699 916 hostilis
709 857 830 926 fremit3

225 942 323 1003 scelus
337 945 369 998 in
383 946 552 1019 propinquo
566 949 633 1009 est;
655 960 779 1016 occupa,
792 947 899 1011 mater,
914 960 1029 1017 preces.

225 1033 258 1083 et
273 1043 344 1081 ecce
358 1031 456 1080 motos
470 1023 591 1080 fletibus
605 1021 710 1079 credas
724 1026 809 1091 meis,

225 1110 267 1163 sic
281 1125 393 1182 agmen
406 1108 496 1162 armis
511 1124 606 1181 segne
622 1107 794 1179 compositis
809 1106 901 1161 venit.

605 1330 745 1368 struibus

268 1429 408 1487 Procedit
422 1433 501 1486 acies
514 1427 611 1498 tarda,
625 1427 680 1484 sed
694 1435 859 1504 properant
873 1427 973 1485 duces.

616 1628 736 1667 10cAsTA

266 1728 342 1801 Quis
357 1748 406 1785 me
420 1726 570 1804 procellae
584 1727 707 1784 turbine
722 1730 828 1783 insano
842 1726 957 1784 vehens
1010 1774 1014 1779 .
1069 1735 1129 1786 420

226 1811 348 1868 volucer
361 1829 416 1886 per
429 1829 516 1866 auras
530 1816 640 1866 ventus
654 1808 804 1865 aetherias
818 1809 912 1884 aget?

225 1912 303 1969 quae
318 1891 436 1968 Sphinx
450 1890 498 1948 vel
514 1898 579 1947 atra
594 1890 676 1946 nube
691 1890 856 1946 subtexens
871 1889 953 1946 diem

226 1972 413 2050 Stymphalis
426 1972 521 2029 avidis
536 1978 713 2048 praepetem
728 1975 837 2046 pennis
852 1968 951 2028 feret?

225 2063 279 2112 aut
292 2073 370 2131 quae
384 2073 439 2130 per
452 2053 528 2110 altas
542 2057 619 2109 aeris
634 2056 733 2128 rapiet
747 2056 810 2109 vias

227 2137 365 2211 Harpyia
378 2139 458 2192 saevi
472 2138 552 2210 regis
566 2134 728 2191 observans
742 2133 854 2190 famem

226 2224 259 2274 et
273 2220 354 2273 inter
367 2220 447 2273 acies
461 2219 588 2291 proiciet
603 2221 721 2290 raptam
735 2213 833 2272 duas?

611 2417 750 2454 snmus

267 2515 360 2572 Vadit
374 2514 489 2572 furenti
504 2513 609 2571 similis
623 2521 676 2571 aut
691 2518 782 2571 etiam
801 2514 882 2573 furit.

226 2601 338 2673 sagitta
351 2595 448 2673 qualis
463 2595 602 2652 Parthica
615 2594 704 2651 velox
718 2616 810 2654 manu

226 2697 350 2737 excussa
363 2676 470 2746 fertur,
485 2676 581 2753 qualis
594 2680 700 2733 insano
714 2682 786 2735 ratis

226 2765 385 2837 premente
400 2767 493 2816 vento
507 2762 631 2834 rapitur,
645 2766 699 2814 aut
712 2759 808 2835 qualis
823 2761 905 2817 cadit
1068 2768 1127 2818 430

225 2840 349 2916 delapsa
363 2838 447 2896 caelo
461 2838 559 2909 stella,
574 2859 643 2896 cum
657 2844 810 2916 stringens
824 2841 927 2917 polum

225 2929 340 2979 rectam
355 2924 455 2977 citatis
468 2920 590 2996 ignibus
604 2925 718 2997 rumpit
731 2926 820 2993 nam,

225 3005 356 3061 attonita
370 3021 457 3059 cursu
472 3001 552 3077 fugit
566 3010 599 3059 et
612 3002 698 3058 binas
713 3006 816 3059 statim

225 3083 347 3141 diduxit
360 3087 447 3141 acies.
490 3088 570 3140 victa
583 3091 721 3140 materna
735 3103 824 3160 prece

226 3165 352 3222 haesere
366 3163 456 3235 bella,
471 3169 590 3241 iamque
604 3169 638 3221 in
650 3163 799 3221 alternam
813 3186 921 3224 necem

227 3265 285 3323 378
