2556 3844
364 243 452 353 TllE
480 293 719 352 TRAGEDIES
748 292 802 350 OF
832 293 994 350 SENECA
1048 377 1053 387 ἱ

222 411 334 470 ferrern
348 416 467 479 ruinas;
490 411 602 468 Pindus
617 409 774 467 incumbat
788 408 864 464 mihi

222 515 313 583 atque
330 507 468 564 Haemus
483 509 581 583 etqui
596 504 738 561 Thracios
752 502 861 560 fluctus
878 503 976 562 Athos

214 600 336 678 frangit
352 601 491 677 Iovisque
505 599 623 657 fulmen
639 601 793 674 excipiens
809 596 917 654 Mimas
930 617 938 667 ;

117 707 129 715 ‘
222 715 284 751 non
298 699 363 771 ipse
378 698 402 751 si
416 698 448 750 in
463 714 522 764 me,
537 702 644 763 mater,
658 691 708 748 hic
723 691 854 748 mundus
869 699 937 749 ruat

222 807 373 863 superque
388 796 505 845 nostros
520 787 627 863 flagret
641 791 782 843 incensus
801 793 884 842 toros

223 881 381 939 Phoebeus
395 886 469 953 axis,
483 881 619 958 degener
632 888 770 937 mentem
788 880 930 937 Herculis

223 975 334 1032 clamor
348 975 493 1032 domaret.
537 974 620 1033 mille
635 975 798 1032 decurrant
812 973 896 1031 ferae

221 1072 395 1146 pariterque
411 1068 557 1139 lacerent,
570 1068 641 1125 hinc
656 1067 727 1126 feris
743 1067 936 1143 clangoribus

221 1163 357 1220 aetheria
371 1182 420 1220 me
436 1162 632 1238 Stymphalis,
646 1161 717 1218 hinc
732 1169 836 1218 taurus
850 1165 952 1218 minax
1050 1171 1127 1231 1390
1161 1155 1162 1158 ¹

222 1261 338 1313 cervice
353 1264 419 1313 tota
434 1256 535 1332 pulset
549 1264 582 1313 et
596 1250 744 1333 quidquid
759 1254 819 1312 fuit

222 1350 317 1407 solum
332 1370 452 1427 quoque
468 1355 576 1427 ingens
589 1370 597 1418 3
618 1357 722 1426 surgat
737 1349 807 1405 hinc
822 1349 906 1407 illinc
920 1370 1030 1409 nemus

221 1452 364 1522 artusque
379 1452 496 1501 nostros
511 1443 603 1501 durus
617 1448 764 1502 immittat
783 1442 882 1501 Sinis:

222 1557 340 1614 sparsus
355 1538 554 1595 silebo-non
568 1536 650 1595 ferae
666 1542 824 1595 excutient
839 1538 924 1610 mibi,

221 1651 284 1689 non
297 1652 380 1689 arma
394 1637 535 1709 gemitus,
551 1633 594 1689 nil
609 1633 690 1711 quod
705 1632 821 1710 impelli
836 1642 947 1709 potest.

606 1858 743 1899 ALCMENA

262 1948 332 2005 Non
346 1952 426 2006 virus
439 1956 532 2019 artuS,
547 1957 629 2019 nate,
644 1948 812 2006 femineum
826 1952 939 2026 coquit,

221 2041 274 2098 sed
290 2041 365 2098 dura
379 2046 470 2100 series
485 2047 584 2119 operis
599 2051 632 2100 et
646 2042 754 2118 longus
768 2043 825 2099 tibi

220 2139 304 2212 pavit
318 2145 460 2193 cruentos
474 2135 600 2193 forsitan
614 2137 734 2193 morbos
748 2135 839 2193 labor.

599 2329 747 2367 HERCVLES

261 2417 319 2474 Vbi
333 2418 465 2490 morbus,
480 2419 603 2475 ubinam
618 2421 686 2476 est?
715 2426 802 2476 estne
817 2418 917 2489 adhuc
928 2419 1043 2498 aliquid
1053 2421 1126 2478 mali

219 2516 252 2569 in
266 2512 338 2569 orbe
353 2514 494 2569 meeum?
535 2517 656 2581 veniat3
677 2512 737 2570 huc
752 2512 859 2590 aliquis
873 2513 948 2571 mihi
1048 2521 1125 2573 1400

219 2605 361 2662 intendat
374 2607 583 2665 arcus-nuda
597 2607 724 2665 sufficiet
738 2628 854 2665 manus

219 2698 365 2774 procedat
378 2700 510 2776 agedum
523 2701 591 2758 huc.

605 2900 741 2939 nicusus

593 2988 630 3044 Ei
643 2987 727 3059 mihi,
743 3008 865 3046 sensum
881 3008 1002 3067 quoque

220 3084 351 3137 excussit
365 3079 416 3138 ille
431 3085 541 3140 nimius
556 3081 720 3159 impulsans
735 3083 828 3141 dolor.

220 3252 278 3320 296
