2514 3828
375 289 464 347 THE
491 289 731 350 TRAGEDIES
759 291 814 350 OF
842 290 1003 349 SENECA

236 407 379 484 recollige
393 411 538 477 animum,
551 410 653 483 recipe
667 406 826 478 laetitiam,
840 427 955 484 precor,

236 494 345 548 timore
359 488 446 566 pulso
460 488 555 546 redde
569 496 602 546 te
615 487 757 546 thalamis
771 492 840 546 tuis.

621 663 751 703 Poppaea

277 743 413 801 Delubra
426 748 459 800 et
472 761 538 799 aras
551 749 658 818 petere
672 745 816 800 constitui
830 762 938 815 sacras,

236 828 330 883 caesis
343 824 433 882 litare
447 827 576 881 victimis
590 843 705 882 numen
719 823 821 895 deum,

235 914 271 965 ut
285 909 447 983 expientur
460 908 558 962 noctis
573 913 606 963 et
620 910 717 963 somni
730 909 831 963 minae

235 994 393 1065 terrorque
407 991 439 1043 in
452 986 556 1045 hostes
571 986 677 1044 redeat
690 990 839 1045 attonitus
853 1006 944 1047 meos.

235 1075 269 1126 tu
285 1076 355 1126 vota
368 1088 423 1146 pro
437 1088 486 1126 me
501 1071 619 1144 suscipe
635 1076 668 1125 et
681 1069 821 1145 precibus
835 1072 892 1145 piis
1078 1068 1138 1131 760

235 1169 359 1227 superos
372 1149 472 1222 adora,
487 1156 609 1207 maneat
622 1157 659 1207 ut
671 1169 815 1226 praesens
829 1158 934 1209 status.

630 1309 744 1349 cnouvs

397 1389 428 1447 Si
444 1409 514 1447 vera
527 1389 637 1466 loquax
651 1389 731 1447 fama
744 1388 891 1447 Tonantis

356 1470 437 1527 furta
452 1478 485 1527 et
498 1478 600 1546 gratos
614 1477 716 1528 narrat
729 1490 846 1528 amores

355 1549 461 1628 (quem
474 1549 565 1608 modo
579 1550 682 1608 Ledae
695 1555 838 1627 pressisse
852 1555 951 1611 sinum

355 1638 474 1689 tectum
487 1630 597 1707 phrmis
611 1635 780 1709 pennisque
795 1631 908 1705 ferunt,

355 1712 446 1770 modo
460 1732 515 1790 per
528 1711 636 1771 fluctus
650 1721 768 1791 raptam
782 1713 924 1791 Europen

356 1797 477 1852 taurum
490 1802 579 1872 tergo
593 1802 728 1871 portasse
742 1795 883 1875 trucem),

357 1895 434 1953 quae
448 1879 529 1952 regit
544 1884 576 1933 et
589 1896 672 1935 nunc
685 1876 809 1935 deseret
821 1885 910 1950 astra,

356 1964 444 2033 petet
458 1957 625 2034 amplexus,
640 1958 788 2035 Poppaea,
802 1965 881 2030 tuos,

356 2057 431 2116 quos
446 2047 479 2096 et
493 2038 596 2096 Ledae
610 2039 763 2115 praeferre
777 2048 881 2116 potest
938 2114 942 2119 υ

357 2128 390 2177 et
402 2121 470 2191 tibi,
485 2120 637 2196 quondam
651 2124 699 2177 cui
713 2124 836 2178 miranti

356 2199 449 2272 fulvo,
464 2200 581 2270 Danae,
595 2199 683 2259 fluxit
696 2205 728 2257 in
742 2221 822 2259 auro.

356 2279 483 2339 formam
497 2281 606 2358 Sparte
620 2285 713 2340 iactet
725 2282 866 2342 alumnae

355 2362 429 2421 licet
443 2369 477 2421 et
491 2362 639 2440 Phrygius
652 2368 786 2440 praemia
799 2373 901 2441 pastor

356 2448 458 2502 vincet
472 2443 573 2501 vultus
587 2443 663 2502 haec
677 2445 864 2523 Tyndaridos

356 2529 407 2602 qui
421 2532 583 2584 moverunt
595 2524 717 2584 horrida
731 2527 812 2584 bella

357 2605 568 2683 Phrygiaeque
582 2607 645 2664 solo
658 2627 754 2684 regna
769 2606 892 2666 dedere.

396 2685 458 2743 Sed
472 2690 539 2763 quis
553 2706 657 2765 gressu
671 2692 733 2746 ruit
746 2693 878 2747 attonito

355 2774 408 2825 aut
422 2769 495 2844 quid
508 2776 610 2845 portat
623 2776 747 2846 pectore
761 2770 893 2829 anhelo?

623 2927 749 2969 NVNTlVS

274 3004 466 3084 Quicumque
480 3011 571 3064 tectis
586 3009 716 3066 excubat
730 3007 817 3066 miles
831 3009 926 3082 dacia,

232 3083 381 3145 defendat
393 3087 492 3146 aulam
507 3092 555 3145 cui
569 3087 652 3145 furor
664 3089 769 3166 populi
782 3094 930 3150 imminet.

233 3253 292 3314 470
