2556 3844
378 286 470 349 THE
498 286 743 348 TRAGEDIBS
770 286 827 344 OF
854 286 1018 344 smcn

360 408 529 466 Herculem
542 416 575 464 et
588 426 719 482 reguum
731 408 815 461 canis
827 408 969 481 inquieti,

360 489 442 547 unde
455 509 517 545 nou
531 508 675 565 umquam
688 488 836 543 remeabit
850 485 924 542 illel

358 591 445 628 sume
458 591 534 647 quos
547 571 645 626 nubes
657 568 757 625 radios
769 575 946 644 sequantur,

359 651 490 728 pallidus
502 660 634 708 maestas
646 649 803 725 speculum
815 658 913 706 terras

359 742 392 790 ct
406 742 499 809 caput
512 742 618 808 turpes
631 731 762 788 nebulae
775 738 943 806 pererrent.

359 814 491 891 quaudo,
504 834 561 890 pro
573 814 675 882 Titan,
688 813 752 882 ubi,
765 832 827 889 quo
839 814 896 869 sub
908 831 965 867 axe

362 895 531 953 Herculem
544 900 575 951 in
590 899 679 952 terris
692 894 786 950 alium
800 894 956 970 sequeris?

361 996 436 1054 queo
448 997 555 1033 manus
569 977 650 1032 orbis
663 979 755 1032 miser
767 976 929 1044 invocabit,

360 1062 384 1115 si
398 1078 459 1135 qua
471 1059 528 1116 sub
543 1058 642 1115 Lerna
654 1077 815 1113 numerosa
828 1060 923 1132 pestis

360 1148 484 1216 sparget
496 1144 530 1196 in
542 1147 667 1196 centum
680 1140 796 1195 rabiem
809 1138 965 1205 dracones,

362 1220 513 1278 Arcadum
527 1226 552 1278 si
566 1225 634 1298 quis
646 1219 768 1296 populis
782 1224 912 1276 vetustis

361 1302 470 1361 fecerit
483 1302 572 1360 silvas
584 1322 658 1378 aper
670 1306 832 1378 inquietas,

361 1383 508 1441 'lbrociue
521 1389 547 1441 si
560 1388 627 1460 quis
643 1383 805 1459 Rhodopes
817 1381 958 1439 alumnus

360 1464 463 1522 durior
476 1469 565 1522 terris
581 1464 708 1522 Helices
721 1468 843 1521 nivosae

361 1553 485 1621 sparget
498 1545 631 1602 humano
644 1545 798 1603 stabulum
812 1546 941 1602 cruore?
1064 1549 1146 1602 1540

361 1630 428 1704 quis
442 1625 528 1683 dabit
540 1646 647 1703 pacem
661 1626 774 1703 populo
786 1629 919 1695 timenti,

360 1711 385 1765 ei
399 1707 473 1785 quid
487 1712 556 1766 irati
569 1713 671 1785 superi
684 1729 741 1785 per
756 1710 861 1765 orbem

362 1793 505 1848 iusserint
518 1792 622 1848 nasei?
662 1795 743 1847 iacet
756 1789 896 1846 omnibus
910 1807 975 1864 par,

361 1890 452 1949 quem
466 1891 570 1949 parem
584 1871 677 1929 tellus
690 1875 799 1948 genuit
812 1871 952 1927 Tonanti.

361 1952 502 2029 planctus
516 1958 678 2011 immensas
692 1960 815 2011 resonet
828 1971 883 2029 per
897 1951 987 2008 urbes

362 2042 395 2091 et
409 2054 509 2092 comus
523 2033 608 2093 nullo
622 2033 786 2092 cohibente
800 2033 881 2091 nodo

362 2112 495 2172 feminae
509 2124 630 2173 exertos
644 2115 755 2173 feriant
769 2116 907 2185 lacertos,

363 2195 486 2272 soloque
501 2196 641 2253 obductis
654 2195 768 2254 foribus
782 2196 908 2254 deorum

363 2275 479 2352 templa
493 2297 616 2335 securae
630 2286 757 2354 puteant
771 2296 927 2335 novercae.

404 2356 495 2416 Vadis
508 2358 547 2415 ad
563 2358 684 2416 Lethen
699 2359 900 2436 Stygiumque
913 2359 996 2430 lituu,
1070 2365 1151 2418 1550

362 2438 445 2497 unde
459 2447 492 2497 te
507 2440 609 2497 nullae
623 2440 760 2499 referent
773 2445 892 2497 carinae
904 2460 911 2509 ;

362 2520 446 2578 vadis
459 2521 497 2578 ad
512 2541 618 2580 manes
631 2522 830 2592 miserandus
844 2521 927 2579 unde
969 2520 975 2531 ’

363 2601 464 2660 Morte
479 2603 600 2661 devicta
613 2604 727 2661 tuleras
741 2604 942 2680 triumphum,

363 2684 469 2741 umbro
483 2684 605 2743 nudatis
620 2689 745 2744 veniens
758 2685 879 2743 lacertis

362 2761 506 2841 languido
521 2766 607 2824 vultu
623 2771 768 2844 tenuique
783 2767 880 2836 collo;

361 2852 454 2923 teque
469 2867 531 2905 non
545 2848 642 2906 solum
655 2848 736 2907 leret
749 2849 801 2906 illa
814 2852 924 2925 puppis
935 2847 948 2886 ²

275 2948 281 2981 ¹
300 2950 334 3001 So
354 2950 473 3003 Richter:
489 2955 560 3004 uude
580 2972 632 3004 non
650 2971 774 3020 umquam
795 2955 924 3004 remeavit
940 2954 1012 3004 ullus
1029 2953 1075 3004 A:
1093 2954 1149 3006 Leo

241 3014 327 3067 tundo
339 3032 390 3066 uon
405 3034 548 3084 numquam
565 3021 693 3070 remeavit
711 3020 772 3071 inde
789 3020 849 3070 with
861 3020 893 3081 u,
907 3020 961 3071 Leo
972 3020 1149 3085 emrjecturioy

241 3080 328 3131 ‹lunuo
340 3098 483 3149 numquam
495 3085 622 3136 remeabit
634 3086 702 3135 iude.

273 3144 284 3177 ⁹
303 3146 398 3212 l’eiper
414 3157 483 3200 uoles
499 3168 517 3201 a
533 3152 629 3201 lacuna
645 3159 714 3214 aster
731 3152 834 3211 l.1556,
856 3151 938 3201 which
956 3151 1009 3201 Leo
1020 3151 1080 3201 thou
1090 3167 1150 3216 oup-

239 3212 305 3275 plt'en
313 3228 321 3265 ,·
338 3230 406 3280 quoe
418 3214 483 3267 tulit
494 3215 578 3267 solum
592 3218 739 3282 metuitque
750 3217 842 3284 mergi.

242 3300 306 3355 {toti
