2544 3862
366 285 455 350 THE
482 285 721 352 TRAGEDIES
750 288 805 351 OF
833 286 994 352 SENECA

224 407 318 465 caede
333 409 486 466 abstinere
501 416 623 485 tempus
637 417 729 486 atque
744 412 805 466 irae
820 408 903 480 dare,

225 491 290 547 orbi
304 494 449 567 quietem,
464 490 583 547 saeculo
597 510 704 567 pacem
717 510 779 548 suo.

224 571 300 629 haec
315 591 431 628 summa
445 575 550 642 virtuS,
564 576 679 647 petitur
693 571 749 628 hac
764 571 881 629 caelum
897 576 950 629 via.

225 657 267 710 sic
282 652 334 710 ille
348 656 463 730 patriae
478 656 592 729 primus
607 653 763 729 Augustus
777 673 887 730 parens

225 734 400 809 complexus
413 742 494 791 astra
508 743 555 792 est
569 734 678 791 colitur
692 743 725 792 et
739 734 861 811 templis
881 733 964 793 deus.

224 815 310 872 illum
324 823 429 874 tamen
444 815 577 873 Fortuna
591 820 714 873 iactavit
728 816 780 873 diu

224 905 306 954 terra
320 902 455 974 marique
469 917 525 974 per
539 910 645 974 graves
659 897 732 955 belli
747 901 838 968 viceS,
1068 904 1129 956 480

224 978 328 1035 hostes
342 982 477 1054 parentis
491 978 589 1035 donec
602 983 754 1055 oppressit
768 982 831 1046 sui;

223 1061 281 1117 tibi
294 1079 409 1117 numen
422 1064 582 1117 incruenta
594 1064 744 1117 summisit
757 1080 845 1117 suum

225 1149 258 1198 et
271 1140 359 1198 dedit
372 1142 505 1199 habenas
520 1145 628 1218 imperi
642 1139 723 1197 facili
736 1161 828 1198 manu

224 1230 362 1300 nutuque
376 1230 472 1280 terras
485 1226 579 1279 maria
596 1224 725 1280 subiecit
741 1231 802 1280 tuo.

223 1303 337 1361 invidia
350 1308 446 1362 tristis
459 1308 539 1361 victa
553 1323 700 1362 consensu
714 1308 765 1380 pio

225 1389 334 1454 cessit3
356 1393 489 1456 senatus,
503 1390 614 1462 equitis
628 1403 771 1445 accensus
785 1382 885 1453 favor3

224 1465 382 1543 plebisque
398 1470 475 1525 votis
488 1474 581 1543 atque
595 1466 706 1524 iudicio
724 1474 846 1544 patrum

225 1555 260 1604 tu
274 1551 355 1623 pacis
370 1555 485 1619 auctor,
499 1552 620 1623 generis
634 1548 759 1604 humani
773 1548 886 1605 arbiter

225 1627 342 1686 electus
356 1629 461 1686 orbem
475 1632 534 1685 iam
549 1649 631 1686 sacra
646 1632 747 1704 specie
763 1632 845 1704 regis

225 1713 339 1787 patriae
354 1729 481 1786 parens3
502 1710 582 1787 quod
596 1730 709 1768 nomen
724 1718 759 1768 ut
772 1729 873 1768 serves
886 1714 966 1787 petit
1068 1716 1128 1777 490

225 1810 353 1869 suosque
368 1796 448 1851 cives
464 1792 558 1849 Roma
573 1791 766 1850 commendat
779 1792 843 1849 tibi.

638 2003 717 2044 NERO

257 2097 379 2162 ‘Munus
393 2103 519 2162 deorum
534 2111 591 2176 est,
605 2109 669 2181 ipsa
684 2103 765 2182 quod
779 2108 872 2161 servit
891 2101 966 2161 mihi

227 2177 321 2242 Roma
336 2189 368 2243 et
382 2193 505 2243 senatus
520 2185 661 2263 quodque
675 2187 713 2243 ab
727 2189 830 2242 invitis
844 2205 949 2262 preces

224 2266 415 2344 humilesque
428 2285 517 2324 voces
532 2271 674 2345 exprimit
687 2271 782 2324 nostri
794 2273 903 2324 metus.

225 2368 343 2406 servare
358 2352 438 2407 cives
452 2353 580 2426 principi
596 2356 628 2406 et
644 2352 759 2427 patriae
774 2366 888 2425 graves.

167 2486 170 2491 ⁴
225 2429 304 2486 claro
319 2437 474 2488 tumentes
489 2449 722 2508 genere—quae
736 2429 893 2488 dementia
907 2436 963 2499 est,

225 2530 294 2569 cum
308 2511 400 2569 liceat
412 2530 473 2568 una
486 2524 560 2569 voce
575 2519 729 2589 suspectos
747 2513 804 2569 sibi

224 2597 300 2649 mori
315 2592 443 2651 iubere?
465 2592 576 2650 Brutus
590 2597 622 2649 in
637 2588 761 2651 caedem
776 2592 870 2663 ducis

225 2694 242 2729 a
256 2690 316 2750 quo
331 2673 460 2733 salutem
474 2674 596 2746 tulerat,
611 2679 738 2732 armavit
751 2693 877 2742 manus3

225 2750 355 2812 invictus
368 2759 444 2826 acie,
457 2759 597 2831 gentium
610 2755 750 2826 domitor,
766 2749 829 2812 Iovi
1069 2758 1127 2811 500

224 2844 371 2913 aequatus
384 2836 461 2894 altos
475 2841 540 2913 ipse
555 2856 610 2913 per
623 2837 772 2894 honorum
786 2836 897 2913 gradus

225 2916 334 2974 Caesar
347 2915 481 2975 nefando
495 2922 605 2975 civium
620 2918 734 2977 scelere
748 2918 868 2976 occidit.

225 3006 373 3074 quantum
387 3003 499 3057 cruoris
515 2999 609 3056 Roma
622 3008 689 3057 tum
704 2999 780 3056 vidit
794 3004 850 3069 sui,

224 3078 355 3138 lacerata
368 3085 482 3138 totiens
496 3082 502 3138 !
523 3080 575 3138 ille
589 3085 641 3158 qui
655 3085 767 3138 meruit
780 3078 830 3156 pia

225 3164 338 3221 virtute
352 3162 478 3234 caelum,
493 3161 580 3220 divus
594 3162 761 3238 Augustus,
775 3166 852 3218 viros

225 3265 283 3316 448
