2556 3844
352 325 441 383 THE
468 325 707 384 Tuncunms
735 326 790 386 or
817 296 979 385 sunnon

210 450 333 519 raptura
347 441 479 499 flammas
494 446 582 517 pinus
597 451 630 501 et
644 443 735 499 robur
748 450 840 500 tenax

174 550 177 553 ·
212 531 244 581 et
258 524 376 580 brevior
389 523 449 581 ilex
465 523 556 591 silva;
578 523 633 581 sed
647 524 901 600 complet'rogum
1036 523 1113 584 1640

211 604 342 682 populea
355 604 438 676 silva,
453 603 561 662 frontis
580 604 750 662 Herculeae
764 605 865 662 decus,

253 687 295 743 At
309 685 371 757 ille,
386 693 422 742 ut
435 690 544 762 ingens
558 706 682 744 nemore
698 688 753 744 sub
768 686 950 745 Nasamonio

210 787 302 844 aegro
316 766 436 825 reclinis
451 776 574 844 pectore
589 773 730 845 immugit
744 768 801 839 leo,

210 848 415 926 fertur—quis
430 848 515 906 illum
530 849 635 906 credat
649 849 688 907 ad
701 849 834 907 flammas
848 852 935 927 rapi?

210 930 309 987 voltus
323 935 458 1007 petentis
472 938 560 1001 astra,
576 952 637 988 non
651 935 738 1007 ignes
753 940 828 1002 erat,

210 1019 245 1069 ut
259 1016 371 1088 pressit
383 1011 486 1069 Oeten
500 1031 535 1069 ac
550 1016 610 1070 suis
624 1012 717 1069 oculis
731 1033 839 1089 rogum

209 1092 349 1150 lustravit
363 1112 492 1150 omnem.
535 1092 629 1170 fregit
642 1098 800 1171 impositus
814 1095 923 1152 trabes.

210 1193 295 1232 arcus
310 1178 455 1252 poposcit.
500 1180 629 1252 “accipe
643 1175 719 1232 haec
731 1174 747 1199 '³
761 1180 869 1253 inquit,
885 1182 980 1234 “sate

212 1255 354 1327 Poeante,
369 1256 449 1314 dona
463 1264 496 1313 et
509 1276 618 1314 munus
634 1255 759 1314 Alcidae
773 1277 855 1333 cape.

209 1336 263 1394 has
277 1336 373 1414 hydra
387 1342 491 1408 sensit,
507 1338 553 1395 his
567 1342 669 1396 iacent
683 1337 909 1415 Stymphalides
1035 1336 1112 1397 1650

210 1425 242 1475 et
256 1418 404 1495 quidquid
417 1418 499 1476 aliud
514 1424 632 1477 eminus
646 1424 704 1476 vici
717 1419 838 1477 malum.

209 1503 322 1556 virtute
336 1498 433 1570 felin,1
446 1504 573 1571 iuvenis,
587 1500 641 1558 has
655 1521 819 1578 numquam
833 1505 931 1559 irritas

116 1630 119 1635 ⁴
208 1584 314 1638 mittes
328 1584 360 1637 in
375 1580 513 1649 hostem3
535 1585 597 1639 sive
611 1581 651 1638 de
665 1582 767 1639 media
781 1582 863 1640 voles

207 1661 326 1720 auferre
340 1661 476 1719 volucres
489 1663 581 1734 nube,
595 1663 785 1723 descendent
798 1684 868 1722 aves

208 1750 241 1800 et
255 1751 337 1801 certa
350 1744 480 1821 praedae
494 1743 556 1803 tela
570 1745 609 1802 de
624 1744 707 1803 caelo
721 1745 826 1817 fluent,

207 1844 265 1882 nec
279 1824 366 1883 fallet
379 1845 523 1903 umquam
536 1826 695 1884 dexteram
708 1827 757 1883 hic
771 1847 856 1885 arcus
871 1836 963 1886 tuam.

207 1906 315 1964 librare
329 1907 392 1965 tela
406 1907 513 1965 didicit
527 1917 559 1966 et
573 1916 687 1966 certam
701 1908 773 1965 dare

207 1987 311 2065 fugam
325 1993 453 2065 sagittis
468 1994 532 2066 ipsa
546 2010 607 2047 non
621 1989 733 2046 fallunt
746 1994 806 2046 iter

208 2073 315 2127 emissa
328 2089 422 2127 nervo
436 2071 505 2149 tela.
549 2080 583 2128 tu
598 2079 719 2128 tanturn
733 2090 840 2148 precor

206 2150 400 2207 accommoda
412 2155 499 2227 ignes
514 2159 546 2209 et
560 2151 658 2210 facem
672 2159 839 2210 extremam
852 2152 935 2211 mihi.
1033 2152 1109 2213 1660

207 2231 256 2287 hic
270 2231 367 2288 nodus
377 2231 393 2251 ”
410 2236 509 2309 inquit
524 2233 636 2289 “nulla
650 2253 740 2310 quem
755 2238 838 2311 cepit
851 2254 967 2305 manus,

207 2331 326 2369 mecum
340 2332 395 2390 per
408 2317 495 2390 ignes
509 2313 634 2390 flagret3
655 2314 712 2372 hoc
726 2314 824 2372 telum
839 2316 1007 2374 Herculem

206 2401 327 2451 tanturn
342 2404 493 2471 sequetur.
536 2395 594 2451 hoc
608 2415 728 2473 quoque
743 2401 894 2473 acciperes
907 2398 923 2416 ”
945 2402 988 2455 ait

208 2480 260 2533 “si
275 2475 354 2534 ferre
369 2496 479 2553 posses,
523 2476 646 2534 adiuvet
660 2477 775 2534 domini
789 2479 924 2554 rogum.'’

206 2565 273 2614 tum
287 2558 384 2634 rigida
398 2578 499 2616 secum
514 2557 609 2635 spolia
624 2559 770 2616 Nemeaei
783 2560 855 2616 mali

206 2658 308 2697 arsura
321 2643 419 2713 poscit
432 2659 439 2707 ;
459 2639 550 2697 latuit
563 2644 596 2695 in
609 2640 704 2716 spolio
718 2660 816 2716 rogus,

248 2719 403 2795 Ingemuit
416 2725 513 2778 omnis
526 2722 615 2777 turba
629 2741 686 2779 nec
701 2721 837 2780 lacrimas
851 2722 936 2780 dolor

206 2805 345 2877 cuiquam
360 2805 482 2860 remisit.
526 2810 624 2859 mater
637 2807 669 2860 in
684 2803 800 2860 luctum
814 2803 918 2861 furens

205 2880 326 2939 diduxit
339 2881 460 2940 avidum
475 2892 581 2959 pectus
595 2893 687 2961 atque
703 2892 789 2942 utero
803 2891 894 2942 tenus

238 3015 247 3046 ¹
265 3015 299 3066 So
312 3017 454 3066 Gronovius
467 3018 525 3068 with
536 3035 572 3080 s:
590 3019 716 3082 tvictrice
728 3018 792 3069 felix
804 3020 857 3069 Leo
868 3020 929 3069 with
948 3020 987 3070 ll:
1005 3020 1107 3070 victure

205 3081 277 3131 felix.
309 3082 357 3131 has
368 3083 437 3132 enim
450 3099 590 3148 numquam
605 3086 694 3133 irritas
711 3084 757 3134 A:
773 3085 815 3134 his
826 3090 902 3135 utere
913 3085 978 3135 felix
994 3086 1089 3149 Peiper
1098 3102 1108 3135 :

204 3147 317 3211 amulric
326 3150 401 3208 srom
418 3149 473 3197 sive
487 3153 571 3210 (1666)
584 3148 637 3198 Leo
648 3149 733 3199 thinks
744 3149 784 3199 the
796 3152 867 3201 other
878 3152 1029 3201 allerrmtive
1040 3158 1108 3201 must

204 3213 267 3263 have
279 3212 358 3275 bepun
370 3212 398 3262 in
409 3213 426 3263 l.
436 3215 570 3265 1666111111
581 3231 647 3264 rome
659 3215 720 3266 such
732 3217 815 3266 words
827 3218 925 3266 ursive
937 3217 989 3266 eris
1000 3217 1029 3265 in
1039 3217 1103 3266 acie.

205 3293 264 3352 316
