2556 3844
372 299 462 356 THE
482 297 813 375 ‘TRAGEDOESOF
840 297 1002 356 SENECA

232 435 296 471 non
310 419 432 492 gemina
446 414 732 491 serpens-perdidi
746 422 887 485 mortem,
901 418 930 470 ei
944 413 1028 483 mihi,

233 501 348 554 totiens
363 497 539 555 honestam!
581 496 689 554 titulus
704 504 857 554 extremus
873 499 939 572 quis
954 496 1022 553 est?

632 726 744 766 CHORVS

438 800 538 858 Viden
552 807 588 857 ut
601 798 698 857 laudis
712 802 831 856 conscia
844 802 938 858 virtus

398 901 460 939 non
475 880 627 939 Lethaeos
641 880 764 937 horreat
777 883 903 938 amnes?

399 962 496 1040 pudet
510 966 650 1032 auctoris,
664 980 726 1018 non
740 968 838 1018 morte
853 961 957 1031 dolet3

398 1049 483 1121 cupit
497 1052 668 1101 extremum
682 1042 768 1100 finire
782 1041 865 1100 diem
1062 1051 1139 1101 1210

398 1134 482 1184 vasta
495 1124 605 1183 tumidi
619 1124 699 1182 mole
713 1127 846 1200 gigantis

399 1215 432 1264 et
446 1205 642 1265 montiferum
656 1206 766 1263 Titana
779 1208 843 1282 pati

398 1288 581 1365 rabidaeque
595 1307 703 1345 necem
717 1286 830 1344 debere
845 1286 936 1345 ferae.

398 1370 452 1428 sed
466 1377 520 1427 tua
533 1389 622 1426 causa
636 1377 693 1438 est,
707 1368 889 1440 miserande,
902 1389 1018 1439 manus,

397 1450 479 1527 quod
493 1450 576 1507 nulla
590 1450 654 1507 fera
668 1458 716 1507 est
729 1449 891 1527 nullusque
906 1455 991 1527 gigas
1004 1471 1011 1518 ;

398 1551 469 1587 nam
483 1535 550 1608 quis
564 1531 674 1608 dignus
688 1535 771 1588 necis
787 1531 959 1588 Herculeae

398 1620 537 1688 superest
550 1620 656 1670 auctor
669 1615 726 1668 nisi
741 1611 850 1669 dextra
863 1614 930 1671 tui?

615 1788 762 1827 Huncvms

278 1866 351 1922 Heu
366 1863 463 1942 qualis
477 1869 559 1921 intus
573 1868 714 1941 scorpioS,
729 1868 795 1941 quis
810 1864 926 1924 fervida

236 1947 327 2024 plaga
340 1946 475 2004 revulsus
490 1965 598 2004 cancer
611 1945 720 2004 infixus
733 1966 817 2004 meas

236 2033 298 2086 urit
312 2027 483 2086 medullas?
526 2031 679 2104 sanguinis
694 2027 847 2105 quondam
862 2049 955 2104 capax
1065 2036 1142 2087 1220

236 2109 347 2167 tumidi
361 2113 433 2185 igne
448 2109 520 2165 c0r¹
536 2109 687 2183 pulmonis
701 2117 824 2167 arentes
838 2110 926 2168 fibras

236 2189 396 2259 distendit,
409 2190 498 2246 ardet
512 2188 584 2246 felle
599 2193 711 2247 siccato
724 2194 808 2247 iecur

236 2278 397 2347 totumque
412 2269 514 2328 lentus
528 2273 708 2346 sanguinem
722 2276 823 2328 avexit
837 2291 936 2348 vapor.

236 2356 364 2429 primam
378 2359 481 2410 cutem
496 2357 693 2429 consumpsit,
708 2352 779 2410 hinc
793 2353 911 2412 aditum
925 2354 1011 2413 nefas

236 2438 268 2490 in
283 2435 420 2491 membra
435 2433 518 2503 fecit,
532 2434 658 2492 abstulit
672 2438 766 2511 pestis
780 2433 870 2507 latus,

236 2515 340 2573 exedit
354 2523 437 2573 artus
451 2519 573 2590 penitus
588 2523 622 2574 et
635 2524 732 2573 costas
745 2516 868 2588 malum,

236 2594 337 2653 hausit
350 2594 506 2653 medullas.
550 2598 665 2654 ossibus
679 2602 780 2655 vacuis
794 2598 901 2667 sedet;

235 2696 293 2734 nec
308 2696 374 2733 ossa
388 2677 499 2734 durant
513 2681 588 2753 ipsa,
602 2678 657 2735 sed
671 2681 865 2757 compagibus

235 2757 369 2815 discussa
382 2761 479 2833 ruptis
494 2758 573 2816 mole
587 2759 729 2835 conlapsa
742 2759 847 2818 fluunt.

235 2838 351 2896 defecit
365 2843 473 2915 ingens
488 2859 595 2916 corpus
609 2847 642 2898 et
655 2844 735 2917 pesti
746 2845 817 2898 satis
1064 2850 1141 2902 1230

237 2919 392 2976 Herculea
405 2939 466 2977 non
481 2930 553 2979 sunt
566 2923 797 2998 membra—pro
811 2930 958 2999 quantum
970 2931 1018 2981 est
1027 2925 1142 2984 malum

236 3000 317 3078 quod
332 3020 398 3059 esse
412 3010 531 3060 vastum
544 3002 651 3074 fateor,
667 3023 685 3059 ο
699 3003 798 3060 dirum
813 3001 915 3061 nefas!

271 3113 342 3191 luo·
354 3114 477 3165 Richter:
504 3117 566 3178 Leo,
592 3117 688 3167 tumidi
714 3119 811 3180 fiacus,
835 3117 896 3167 uim
919 3141 946 3181 ω,
971 3121 1143 3189 conjecturaaq

235 3184 323 3229 tumet
334 3196 395 3245 rgna
406 3197 469 3233 cor:
489 3182 586 3232 tumidi
598 3199 643 3233 cor
654 3200 686 3232 en
698 3183 737 3234 N.
751 3183 887 3239 Heinsius„

234 3269 292 3320 282
