2544 3840
387 270 476 328 THE
504 270 742 332 TRAGEDIES
771 273 826 333 OF
855 273 1016 333 SENECA

244 385 318 443 dum
332 406 468 463 propero.
512 386 592 444 ferro
606 387 731 445 vulnera
744 392 890 465 impresso
905 388 989 460 dedi,

243 461 339 533 cecidi
353 475 392 532 ad
406 496 481 547 aras,
496 476 590 534 caede
605 471 709 534 votiva
721 477 803 535 focos

243 565 358 642 placavi
373 574 406 623 et
419 574 511 637 artus,
527 586 650 643 corpora
665 571 805 624 exanima
818 577 987 645 amputans,

242 660 275 712 in
289 676 381 732 parva
394 660 491 733 carpsi
505 655 601 714 frusta
615 665 648 714 et
662 656 737 714 haec
752 657 940 717 ferventibus
1071 657 1149 718 1060

243 745 374 803 demersi
389 750 483 817 aenis,
498 746 550 803 illa
563 746 655 804 lentis
670 748 791 823 ignibus
942 742 946 750 ¹

243 834 357 893 stillare
372 839 451 893 iussi.
495 838 631 895 membra
645 857 813 915 nervosque
828 838 942 896 abscidi

242 925 424 996 viventibus,
438 926 604 1004 gracilique
619 932 761 985 traiectas
775 947 846 985 veru

242 1018 359 1091 mugire
374 1014 462 1072 fibras
476 1016 538 1073 vidi
552 1024 586 1074 et
599 1021 718 1094 aggessi
732 1037 824 1074 manu

241 1124 310 1162 mea
324 1109 389 1182 ipse
403 1104 545 1164 flammas
589 1111 689 1164 omnia
704 1106 780 1165 haec
794 1107 903 1165 melius
917 1116 1005 1185 pater

241 1192 348 1253 fecisse
364 1198 474 1272 potuit,
489 1195 601 1253 cecidit
615 1200 646 1253 in
661 1216 777 1254 cassum
792 1196 896 1254 dolor:

241 1285 331 1344 scidit
345 1305 397 1343 ore
412 1293 500 1342 natos
514 1289 617 1362 impio,
632 1285 686 1343 sed
700 1290 849 1358 nesciens,

240 1375 294 1434 sed
308 1378 502 1434 nescientes!

618 1493 769 1532 Tnvssrss

497 1581 604 1638 Clausa
619 1580 757 1639 litoribus
771 1586 854 1657 vagis

239 1668 344 1727 audite
358 1673 461 1741 maria,
475 1690 527 1728 vos
542 1690 662 1748 quoque
677 1671 782 1729 audite
800 1671 857 1728 hoc
875 1670 982 1741 scelus,

239 1779 440 1838 quocumque,
455 1759 496 1831 di,
512 1759 653 1837 fugistis3
675 1760 779 1818 audite
794 1759 892 1831 inferi,
1068 1762 1146 1821 1070

239 1849 343 1909 audite
357 1859 468 1922 terrae,
483 1849 611 1928 Noxque
626 1847 773 1908 Tartarea
784 1853 881 1941 gravis

240 1947 272 1998 et
286 1948 351 1999 atra
365 1941 457 2012 nube,
473 1941 595 1999 vocibus
609 1945 719 1998 nostris
733 1961 806 1998 vaca

239 2026 309 2108 (tibi
323 2050 389 2089 sum
404 2031 538 2102 relictus,
553 2031 616 2090 sola
629 2037 663 2087 tu
679 2034 822 2088 miserum
837 2030 932 2101 vides,

239 2125 273 2176 tu
288 2138 407 2197 quoque
422 2125 487 2178 sine
498 2118 609 2198 astris),
624 2127 694 2177 vota
708 2139 770 2176 non
783 2118 892 2176 faciam
907 2119 1051 2196 improba,

237 2227 293 2285 pro
307 2227 357 2266 me
371 2209 446 2266 nihil
461 2211 681 2288 precabor-et
694 2208 767 2285 quid
782 2212 842 2265 iam
855 2217 959 2285 potest

238 2317 294 2375 pro
308 2317 357 2356 me
372 2302 460 2357 esse?
501 2301 585 2358 vobis
599 2307 671 2357 vota
680 2302 866 2376 prospicient
880 2319 956 2358 mea.

237 2395 284 2458 tu,
298 2407 414 2446 summe
429 2388 504 2446 caeli
518 2397 627 2459 rector,
640 2387 796 2447 aetheriae
810 2396 920 2465 potens

237 2476 408 2535 dominator
421 2476 518 2547 aulae,
531 2479 663 2536 nubibus
676 2485 777 2535 totum
792 2475 919 2535 horridis

238 2566 382 2624 convolve
396 2567 555 2638 mundum,
567 2567 648 2625 bella
662 2575 823 2625 ventorum
836 2566 971 2644 undique

237 2660 395 2714 committe
410 2664 443 2714 et
456 2661 539 2714 omni
553 2665 639 2733 parte
654 2657 821 2715 violentum
836 2660 951 2727 intona,
1061 2663 1143 2717 1080
1250 2704 1253 2711 Δ

237 2766 389 2824 manuque
401 2745 412 2783 ¹
426 2766 488 2804 non
503 2766 562 2825 qua
575 2754 659 2805 tecta
672 2757 705 2806 et
718 2750 884 2806 immeritas
898 2746 1003 2803 domos

236 2835 300 2894 telo
314 2841 394 2913 petis
408 2840 535 2908 minore,
550 2836 603 2895 sed
619 2856 678 2914 qua
692 2842 841 2895 montium

236 2929 408 3003 tergemina
422 2927 517 2985 moles
531 2926 643 2984 cecidit
657 2935 690 2985 et
703 2931 755 3004 qui
768 2926 923 2984 montibus

235 3016 358 3074 stabant
371 3036 458 3093 pares
473 3016 748 3094 Gigantes—haec
762 3035 844 3073 arma
859 3015 969 3093 expedi

432 3155 441 3187 ¹
458 3156 493 3207 So
503 3156 528 3206 A
538 3172 548 3205 .·
564 3156 625 3217 Leo,
638 3156 700 3207 wilt
711 3157 743 3218 dl,
757 3171 924 3224 manumque.

240 3237 296 3302 176
