2432 3838
363 319 452 377 THE
481 318 722 377 TRAGEDlES
750 318 805 377 OF
833 317 994 376 SENECA

222 435 336 492 dedere
350 443 461 510 gentes
476 434 580 510 spolia,
595 436 652 492 tibi
666 434 740 492 felix
750 433 803 492 diu

222 521 356 592 potentis
372 516 463 573 Asiae
478 515 567 572 Troia
582 520 732 573 summisit
746 535 905 573 manus-

222 598 295 675 quid
309 603 368 655 ista
381 606 467 654 vates
482 616 590 673 corpus
605 597 698 654 effusa
711 617 746 655 ac
760 605 897 654 tremens

221 679 314 737 dubia
328 679 411 736 labat
426 680 566 735 cervice?
608 677 723 748 famuli,
739 679 885 749 attollite,

221 759 358 817 refovete
372 758 475 835 gelido
489 759 589 816 latice.
633 764 693 816 iam
707 763 816 836 recipit
828 759 911 817 diem

221 848 377 897 marcente
392 844 465 898 visu.
509 844 621 898 suscita
633 860 741 904 sensus
755 849 824 898 tuos
836 841 842 897 l

221 929 344 997 optatus
359 922 410 979 ille
425 929 531 999 portus
545 926 698 979 aerumnis
712 921 807 979 adest

222 1002 319 1061 festus
334 1002 399 1060 dies
414 1012 469 1062 est.

589 1103 756 1145 cissluuus

466 1182 574 1241 Festus
589 1190 622 1241 et
635 1182 742 1240 Troiae
756 1182 823 1240 fuit.

580 1335 768 1376 iciuruuou

261 1403 451 1458 Veneremur
464 1421 538 1458 aras.

587 1499 753 1538 cussinum

540 1580 659 1637 Cecidit
673 1588 746 1637 ante
760 1600 825 1637 aras
840 1589 935 1656 pater.

582 1736 771 1776 AGAMEMNoN

263 1814 367 1870 lovem
381 1835 542 1890 precemur
556 1820 677 1891 pariter.

585 1971 752 2010 clusarum

677 2052 833 2108 Herceum
849 2044 976 2111 lovc'm?

582 2209 769 2248 lcluruuou

261 2288 366 2345 Credis
381 2289 485 2346 videre
500 2297 532 2345 te
551 2288 663 2345 llium?

592 2449 759 2487 cussiuouu

655 2529 696 2587 Et
712 2529 862 2586 Priamum
876 2531 974 2590 simul.

578 2685 766 2724 iuluuuuou

261 2749 321 2805 Hic
336 2747 425 2805 Troia
439 2767 502 2805 non
516 2754 571 2805 est.

591 2847 758 2885 cassanum

574 2927 632 2983 Vbi
648 2926 771 2984 Helena
786 2938 833 2987 est
847 2930 966 2988 Troiam
981 2940 1068 3008 putu.

892 2730 922 2757 b

218 3029 235 3034 ⁶
250 3029 261 3089 l
276 3058 431 3109 Cassandra.
534 3057 544 3088 ²
561 3057 609 3108 See
621 3059 723 3122 Vergil,
738 3059 802 3109 Aen.
818 3075 849 3111 11.
861 3064 916 3111 249.

250 3123 305 3174 ³It
327 3141 382 3173 was
402 3129 432 3172 at
452 3123 498 3172 the
518 3123 588 3172 altar
608 3124 637 3173 oi
654 3123 775 3172 Herccan
794 3126 861 3175 Jove
880 3128 942 3177 that
962 3129 1054 3179 Prium
1076 3146 1146 3184 was

217 3189 284 3239 slain
298 3189 374 3250 (Acir.
389 3203 421 3238 11.
434 3190 483 3239 512
495 3188 542 3249 Ε).

217 3271 256 3360 si
