2544 3862
373 319 463 377 THE
490 317 730 377 TRAGEDIES
758 317 813 376 OF
841 316 1002 376 SENECA

625 543 745 582 lochs'rh

275 652 361 708 Felix
376 650 500 727 Agaue!
523 649 639 706 facinus
653 648 839 708 horrendum
852 668 954 718 manu,

232 761 292 827 qua
306 748 430 819 fecerat,
445 751 577 824 gestavit
591 756 624 805 et
638 748 767 823 spolium
781 747 853 805 tulit

232 855 360 904 cruenta
374 851 439 904 nati
453 866 575 904 maenas
589 851 622 903 in
636 853 738 923 partes
753 845 818 903 dati
830 865 838 913 ;

232 945 308 1002 fecit
322 944 430 1016 scelus,
445 944 500 1002 sed
514 950 624 1002 misera
637 964 700 1001 non
714 943 795 1001 ultro
810 963 863 1001 suo

232 1043 340 1101 sceleri
354 1048 530 1101 occucurrit.
574 1043 632 1100 hoc
645 1043 713 1100 leve
729 1050 776 1100 est
790 1041 872 1119 quod
887 1062 954 1099 sum
967 1061 1081 1099 nocens
1095 1061 1103 1110 ;

232 1141 292 1199 ieci
306 1150 462 1199 nocentes.
505 1142 563 1198 hoc
578 1161 699 1219 quoque
714 1145 890 1199 etiamnunc
906 1139 973 1198 leve
989 1149 1057 1207 est3

232 1245 339 1319 peperi
353 1249 508 1298 nocentes.
553 1241 641 1298 derat
655 1244 807 1297 aerumnis
821 1243 907 1310 meis,

233 1348 268 1397 ut
283 1348 316 1397 et
330 1339 450 1397 hostem
464 1356 606 1397 amarem.
648 1340 755 1397 bruma
768 1347 817 1395 ter
830 1343 932 1415 posuit
946 1342 1031 1396 nives
1080 1341 1140 1399 370
1199 1368 1202 1371 ·

233 1447 266 1497 et
279 1443 372 1496 tertia
385 1442 445 1494 iam
458 1436 537 1494 falce
551 1437 697 1495 decubuit
711 1437 813 1507 CereS,

233 1544 269 1593 ut
284 1534 354 1592 exul
370 1544 453 1593 errat
467 1542 558 1592 natus
572 1543 606 1592 et
619 1540 717 1612 patria
731 1543 815 1593 caret

232 1633 439 1711 profugusque
454 1653 562 1710 regum
576 1633 687 1691 auxilia
702 1632 861 1691 Graiorum
877 1642 972 1709 rogat.

233 1751 329 1807 gener
343 1740 390 1791 est
407 1733 539 1803 Adrasti,
553 1735 638 1789 cuius
652 1735 779 1808 imperio
794 1753 877 1790 mare

233 1829 315 1907 quod
329 1831 442 1889 scindit
457 1830 589 1888 Isthmos
602 1834 738 1907 regitur3
758 1831 809 1888 hic
823 1839 933 1907 gentes
948 1851 1016 1888 suas

234 1937 414 2006 septemque
429 1949 532 1987 secum
546 1950 641 2006 regna
654 1928 694 1985 ad
709 1929 853 1987 auxilium
867 1929 962 1987 trahit

234 2046 356 2102 genero.
400 2027 473 2104 quid
488 2035 593 2104 optem
607 2027 718 2105 quidve
733 2027 896 2084 decernam
911 2027 986 2085 haut
999 2032 1068 2084 scio.

235 2144 365 2200 regnum
380 2129 529 2201 reposcit;
550 2145 639 2182 causa
653 2129 823 2201 repetentis
837 2125 917 2182 bona
931 2133 989 2196 est,
1036 2112 1044 2125 ¹

235 2221 315 2278 mala
328 2227 371 2279 sic
385 2227 529 2299 petentis.
572 2231 643 2280 vota
657 2242 735 2300 quae
750 2222 857 2279 faciam
871 2226 1005 2300 parens?

234 2323 387 2397 utrimque
401 2327 508 2377 natum
522 2320 628 2390 video;
650 2321 693 2378 nil
707 2340 829 2398 possum
844 2324 894 2398 pie
1082 2327 1141 2378 380

234 2421 351 2495 pietate
365 2419 446 2477 salva
460 2418 568 2477 facere.
613 2419 826 2498 quodcumque
839 2418 928 2477 alteri

235 2519 347 2594 optabo
361 2526 434 2576 nato
449 2518 502 2576 fiet
516 2518 639 2576 alterius
654 2518 741 2575 malo.

236 2615 290 2672 sed
305 2624 468 2693 utrumque
483 2620 618 2694 quamvis
632 2616 755 2693 diligam
770 2615 880 2675 affectu
896 2621 970 2694 pari,

237 2731 298 2788 quo
312 2733 400 2770 causa
414 2713 521 2771 melior
535 2733 657 2792 sorsque
672 2713 806 2771 deterior
819 2715 915 2773 trahit

236 2810 364 2869 inclinat
377 2816 494 2871 animus
509 2833 629 2890 semper
643 2812 760 2869 infirmo
774 2811 887 2869 favens

237 2914 361 2968 miseros
376 2916 471 2988 magis
485 2910 607 2969 fortuna
621 2910 762 2969 conciliat
776 2914 844 2968 suis,

238 3128 279 3243 TI:
295 3144 338 3243 qe.
365 3128 511 3193 Polynices,
537 3127 597 3177 who
619 3127 667 3176 has
690 3142 748 3176 now
771 3125 878 3175 become
900 3143 916 3175 a
938 3125 1028 3191 public
1049 3126 1092 3176 foe
1113 3127 1142 3176 of

280 3210 294 3242 e
313 3210 348 3243 es.

238 3279 298 3336 374
