2540 3858
358 272 448 331 THE
474 271 715 330 TRAGEDIES
744 271 799 329 OF
827 270 994 329 SENECA

220 410 343 468 capesse
357 397 485 466 partem.
528 393 623 446 maior
637 387 712 446 haec
726 388 791 444 laus
805 395 853 446 est
866 407 945 458 mea,

219 472 305 530 fratri
319 479 482 549 paternum
496 470 626 537 reddere
639 468 784 527 incolumi
798 469 909 538 decus;

219 554 333 612 habere
347 572 477 630 regnum
491 572 577 611 casus
591 560 649 623 est,
664 555 758 609 virtus
772 551 853 608 dare.

595 754 745 793 ruvrs'rm

260 836 302 894 Di
315 840 407 913 paria,
421 835 525 907 frater,
539 839 638 912 pretia
651 855 706 911 pro
719 838 814 893 tantis
828 834 885 891 tibi
1067 839 1126 892 530

219 923 335 976 meritis
349 918 529 994 rependant.
572 921 688 993 regiam
702 920 809 992 capitis
824 923 928 972 notam

218 1000 338 1078 squalor
351 1008 471 1057 recusat
485 1006 589 1057 noster
603 1007 636 1056 et
650 1007 803 1074 sceptrum
818 1017 925 1057 manus

216 1081 350 1139 infausta
364 1080 486 1158 refugit.
528 1081 620 1138 liceat
633 1085 666 1137 in
680 1078 781 1137 medi}
795 1079 871 1136 mihi

217 1164 314 1222 latere
328 1165 425 1221 turbssa.

618 1261 729 1300 urnuvs

435 1342 554 1420 Recipit
568 1342 626 1400 hoc
641 1361 771 1418 regnum
785 1341 869 1398 duos.

597 1525 747 1564 rurusrns

258 1607 364 1665 Meum
378 1625 444 1664 esse
458 1604 549 1663 credo
563 1604 711 1683 quidquid
726 1612 784 1676 est,
799 1603 902 1676 frater,
916 1610 1013 1661 tuum.

614 1781 725 1819 urnuvs

257 1867 333 1940 Quis
347 1868 502 1928 influentis
516 1869 596 1927 dona
609 1869 751 1928 fortunae
765 1871 872 1927 abnuit
883 1869 895 1923 ?

558 2082 559 2086 ,
594 2049 743 2087 rurusrns

256 2133 407 2210 Expertus
422 2143 469 2193 est
483 2140 666 2221 quicumque
680 2155 771 2212 quam
784 2133 874 2193 facile
890 2134 1021 2192 effluant.

614 2320 725 2358 urnuvs

255 2408 391 2467 Fratrem
405 2414 497 2486 potiri
510 2406 607 2487 glorie
620 2412 742 2486 ingenti
755 2408 862 2467 vetas?

592 2594 741 2633 THYESTES

251 2683 317 2741 Tua
330 2688 391 2740 iam
404 2692 528 2761 peracte
542 2682 637 2760 gloria
652 2692 709 2754 est,
723 2691 819 2742 restat
833 2701 902 2740 mea
917 2701 925 2750 ;

211 2784 354 2842 respuere
369 2774 487 2823 certum
501 2773 549 2823 est
563 2785 658 2842 regna
672 2764 831 2822 consilium
844 2762 928 2823 mihi.
1058 2768 1117 2821 540

611 2948 721 2988 Arnnvs

253 3037 355 3095 Meam
369 3036 549 3116 relinquam,
563 3042 621 3095 nisi
635 3046 719 3096 tuam
733 3044 853 3114 partem
867 3041 987 3114 accipis.

215 3241 271 3302 136
