2544 3840
355 288 445 347 THE
471 287 711 346 TRAGEDIES
740 287 794 347 OF
822 287 984 347 SENECA

335 422 385 461 me
400 402 449 459 vel
464 401 572 460 Siculis
585 400 692 459 addite
707 405 794 472 saxis,

336 485 388 542 ubi
401 482 465 541 fata
478 481 600 560 gemam
614 481 759 540 Thessala
773 482 871 555 Siren,
1062 489 1117 549 190

337 564 384 622 vel
399 569 432 622 in
446 563 568 621 Edonas
583 563 683 621 tollite
697 563 786 621 silvas

337 645 433 723 qualis
447 653 554 703 natum
569 644 692 702 Daulias
705 643 769 702 ales

336 727 415 785 solet
430 726 554 784 Ismaria
568 725 639 783 flere
654 727 711 783 sub
724 727 848 796 umbra;

334 807 462 865 formam
476 807 605 864 lacrimis
618 815 725 884 aptate
739 811 815 865 meis

336 897 519 966 resonetque
532 888 619 946 malis
633 907 738 965 aspera
752 887 891 947 Trachin.

336 970 459 1049 Cyprias
473 969 609 1027 lacrimas
624 969 748 1047 Myrrha
761 978 875 1041 tuetur,

336 1060 457 1129 raptum
471 1055 603 1109 coniunx
616 1050 714 1128 Ceyca
727 1055 834 1128 gemit,

336 1134 394 1192 sibi
407 1131 542 1190 Tantalis
556 1139 604 1190 est
617 1130 698 1189 facta
707 1140 877 1209 superstes;

335 1214 416 1292 fugit
429 1214 530 1272 vultus
545 1213 713 1271 Philomela
725 1232 793 1272 suos

335 1304 503 1373 natumque
516 1302 604 1353 sonat
617 1293 725 1353 flebilis
739 1295 861 1353 Atthis:
1058 1305 1118 1354 200

336 1397 389 1434 cur
402 1396 471 1434 mea
485 1376 621 1433 nondum
635 1380 760 1453 capiunt
773 1376 909 1434 volucres

336 1457 475 1516 bracchia
489 1456 629 1534 plumas?
672 1455 755 1529 felix,
769 1456 853 1529 felix,

336 1558 406 1596 cum
420 1537 494 1595 silva
507 1537 614 1595 domus
627 1545 731 1595 nostra
744 1537 861 1596 feretur

336 1623 494 1697 patrioque
508 1618 618 1676 sedens
632 1617 695 1676 ales
708 1623 741 1676 in
755 1639 828 1696 agro

336 1699 466 1758 referam
480 1698 607 1778 querulo
620 1719 774 1758 murmure
791 1721 876 1760 casus

336 1782 549 1860 volucremque
564 1781 651 1839 Iolen
664 1780 745 1839 fama
758 1782 907 1860 loquetur.

377 1864 456 1935 Vidi,
471 1864 533 1921 vidi
546 1863 717 1921 miseranda
733 1867 793 1921 mei

335 1945 399 2004 fata
426 1949 570 2022 parentis,
585 1965 654 2002 oum
668 1944 790 2003 letifero

335 2031 440 2104 stipite
454 2026 558 2103 pulsus
571 2033 638 2085 tota
651 2030 744 2084 iacuit

336 2126 455 2184 sparsus
469 2111 501 2164 in
515 2106 591 2164 aula.

335 2209 354 2245 a
368 2192 393 2245 si
405 2187 558 2245 tumulum
571 2185 634 2244 fata
648 2186 815 2259 dedissent,

336 2272 487 2346 quotiens,
501 2272 633 2345 genitor,
647 2269 838 2345 quaerendus
853 2272 935 2329 eras!

338 2354 465 2427 potuine
479 2357 563 2407 tuam
577 2358 715 2426 spectare
729 2370 847 2422 necem,

335 2431 471 2489 nondum
484 2439 606 2489 teneras
619 2435 731 2489 vestite
745 2451 839 2509 genas

335 2513 467 2571 necdum
482 2511 554 2569 forti
568 2517 725 2590 sanguine,
739 2513 866 2571 Toxeu?

335 2594 407 2671 quid
422 2601 523 2651 vestra
536 2612 645 2669 queror
658 2592 730 2666 fata,
745 2603 897 2671 parentes

335 2693 410 2752 quos
423 2678 455 2731 in
469 2682 570 2732 tutum
585 2694 665 2732 mors
679 2694 776 2753 aequa
789 2675 885 2733 tulit?

334 2774 403 2812 mea
415 2774 464 2812 me
479 2755 616 2814 lacrimas
629 2755 751 2814 fortuna
765 2764 859 2832 rogat.

334 2840 394 2893 iam
408 2840 468 2893 iam
481 2836 622 2895 dominae
637 2842 755 2915 captiva
768 2837 851 2895 colus

333 2916 476 2994 fusosque
489 2918 597 2996 legam.
639 2939 695 2996 pro
708 2938 796 2977 saeve
810 2918 902 2977 decor

245 3040 254 3073 ¹
271 3040 313 3092 ie.
327 3042 405 3092 malco
416 3059 457 3092 me
468 3060 518 3094 one
529 3043 558 3094 of
574 3045 620 3095 tho
632 3045 743 3095 number
754 3047 782 3095 of
798 3046 845 3096 the
857 3046 947 3098 Sirena
958 3047 1018 3097 who
1030 3046 1117 3098 haunt

211 3106 384 3157 thosorocks.
981 3108 983 3113 ’

243 3171 255 3203 ²
270 3172 312 3223 ie.
326 3171 456 3223 Thracian
563 3174 574 3205 ⁸
591 3174 699 3226 Procne.
735 3175 783 3228 See
795 3176 880 3227 Index
891 3195 939 3229 av.

213 3260 272 3312 200
