2544 3840
362 295 451 353 THE
480 294 720 354 TRAGEDIES
748 294 803 354 OF
831 292 992 352 SENECA

223 410 295 469 feris
309 412 441 469 subactis
455 412 594 468 omnibus
609 416 705 468 victor
718 409 790 468 redi.

222 504 343 582 depone
356 504 502 564 fulmen.''

508 596 648 654 Gemitus
662 601 694 654 in
708 596 824 654 medias
838 615 943 672 preces

223 701 368 769 stupente
383 700 416 749 et
429 696 494 769 ipso
509 692 637 761 cecidit3
658 691 730 748 hinc
744 691 860 749 caelum
875 689 996 748 horrido

224 786 354 843 clamore
369 786 511 862 complet.
553 785 651 862 qualis
666 790 811 862 impressa
824 784 917 862 fugax

223 888 326 938 taurus
340 881 466 957 bipenni
481 879 587 937 volnus
602 887 635 937 et
647 878 745 938 telum
759 879 861 937 ferens

225 974 353 1033 delubra
368 981 452 1032 vasto
466 975 586 1051 trepida
598 978 719 1051 mugitu
733 974 843 1051 replet,
1069 976 1128 1028 800

223 1076 277 1127 aut
292 1067 381 1146 quale
395 1068 510 1126 mundo
525 1067 642 1126 fulmen
657 1072 799 1126 emissum
813 1075 911 1140 tonat,

223 1167 265 1222 sic
279 1162 331 1221 ille
346 1167 464 1239 gemitu
478 1162 577 1220 sidera
591 1171 623 1221 et
637 1170 765 1240 pontum
779 1162 862 1234 ferit,

223 1264 256 1315 et
269 1265 355 1315 vasta
369 1256 488 1315 Chalcis
502 1262 611 1338 sonuit·
619 1266 653 1316 et
666 1277 755 1315 voces
768 1256 875 1334 Cyclas

223 1355 345 1428 excepit
359 1354 475 1419 omnis;
496 1351 567 1409 hinc
581 1360 687 1428 petrae
702 1350 897 1427 Capherides,

221 1444 294 1501 hinc
308 1464 398 1502 omne
413 1464 501 1502 voces
516 1445 618 1503 reddit
634 1445 803 1503 Herculeas
817 1464 932 1503 nemus.

221 1541 348 1599 flentem
362 1541 508 1600 videmus.
552 1543 658 1620 volgus
672 1548 828 1620 antiquam
843 1550 932 1620 putat

222 1635 338 1692 rabiem
351 1634 484 1703 redisse;
504 1643 571 1693 tum
585 1636 688 1714 fugam
703 1636 809 1696 famuli
822 1643 943 1714 petunt.

264 1729 307 1786 At
321 1727 374 1786 ille
388 1729 488 1788 voltus
502 1734 593 1807 ignea
607 1731 833 1809 torquensfece

223 1842 318 1881 unum
332 1826 414 1881 inter
428 1843 533 1882 omnes
548 1829 685 1902 sequitur
699 1833 732 1883 et
746 1829 865 1901 quaerit
880 1822 1003 1881 Lichan.

222 1916 398 1992 complexus
412 1936 478 1974 aras
493 1918 545 1976 ille
560 1920 755 1978 tremibunda
768 1939 860 1977 manu
1068 1922 1127 1973 810

222 2019 352 2069 mortem
367 2020 452 2069 metu
468 2018 655 2090 consumpsit
666 2021 699 2072 et
712 2032 838 2091 parvum
851 2017 897 2070 sui

222 2123 339 2180 poenae
353 2104 484 2181 reliquit.
528 2105 683 2183 dumque¹
697 2107 926 2165 tremibundum
940 2126 1032 2164 manu

221 2202 325 2256 tenuit
338 2198 482 2257 cadaver:
504 2206 523 2233 “
533 2198 590 2257 hac
604 2221 705 2271 manu,
716 2202 773 2259 hac
783 2201 799 2221 '’
815 2207 915 2280 inquit
929 2201 1045 2272 “ferar,

222 2311 241 2348 ο
255 2291 328 2361 fata,
342 2294 460 2350 victus?
504 2293 672 2351 Herculem
685 2299 759 2353 vicit
773 2295 903 2353 Lichas?

224 2405 295 2444 ecce
309 2386 368 2442 alia
381 2386 483 2444 clades
497 2406 504 2443 ε
526 2387 678 2447 Hercules
692 2394 815 2466 perimit
830 2389 953 2448 Lichan.

222 2479 303 2540 factu
317 2485 537 2557 inquinentur;
558 2481 610 2540 fiat
623 2483 674 2540 hic
688 2504 823 2544 summus
837 2484 948 2542 labor.”

221 2577 254 2630 in
267 2582 348 2632 astra
360 2578 467 2633 missus
481 2574 578 2633 fertur
592 2585 625 2635 et
638 2579 735 2636 nubes
751 2599 827 2657 vago

220 2673 337 2743 spargit
351 2688 464 2726 cruore.
508 2669 577 2728 talis
591 2675 623 2728 in
638 2672 755 2731 caelum
770 2673 856 2741 exilit

220 2761 358 2820 harundo
373 2762 483 2821 Getica
496 2769 558 2822 visa
571 2766 686 2825 dimitti
700 2788 792 2826 manu

219 2863 274 2912 aut
288 2874 379 2931 quarn
394 2855 500 2933 Cydon
512 2865 663 2920 excussit:
684 2862 810 2921 inferius
823 2870 928 2921 tamen
1068 2864 1126 2921 820

220 2955 253 3005 et
266 2947 330 3005 tela
343 2947 472 3026 fugient
515 2959 640 3012 truncus
654 2959 686 3012 in
700 2963 827 3032 pontum
843 2955 936 3027 cadit,

220 3044 253 3096 in
267 3059 338 3098 saxa
350 3050 475 3112 vertex;
495 3065 573 3103 unus
587 3048 733 3106 ambobus
747 3053 835 3108 iacet.

390 3171 400 3202 ¹
417 3174 469 3223 Leo
480 3176 634 3238 cmrjccturcc
644 3181 827 3233 semianimum
838 3197 942 3250 parens·

219 3259 278 3310 250
