2556 3844
369 277 458 337 THE
485 276 725 339 TRAGEDIES
753 280 808 339 OF
837 275 997 339 SENECA

390 399 461 473 ipsis
475 416 544 453 cum
557 397 682 454 latebris
695 397 788 467 ferae,

389 482 533 556 iuxtaque
547 478 722 555 inpavidum
736 497 829 554 pecus

390 558 470 617 sedit
485 560 681 617 Marmaricus
694 559 744 616 leo

390 660 448 697 nec
462 639 600 699 dammae
614 641 772 717 trepidant
786 639 872 716 lupos

391 729 424 779 et
438 741 562 799 serpens
576 722 707 780 latebras
722 721 812 798 fugit,

375 811 465 860 tunc
479 804 573 861 oblita
587 808 706 861 veneni.

432 884 515 957 Quin
529 905 585 962 per
598 885 760 943 Taenarias
774 884 854 941 fores

390 986 495 1024 manes
510 987 579 1024 cum
592 971 702 1024 tacitos
716 966 781 1023 adit

390 1056 580 1106 maerentem
594 1047 706 1106 feriens
720 1047 841 1126 chelyn,

391 1137 483 1187 cantu
497 1130 622 1188 Tartara
635 1129 728 1187 flebili

392 1218 424 1268 et
438 1216 542 1269 tristes
556 1210 648 1269 Erebi
662 1210 735 1268 deos

392 1295 465 1350 vicit
478 1313 535 1350 nec
549 1297 653 1351 timuit
667 1291 770 1369 Stygis

391 1377 503 1431 iuratos
517 1378 633 1450 superis
647 1374 738 1431 lacus,

391 1453 491 1512 haesit
504 1475 567 1512 non
581 1454 697 1513 stabilis
710 1462 777 1512 rota

392 1539 472 1592 victo
484 1536 629 1611 languida
641 1536 764 1593 turbine
776 1554 783 1602 ;

392 1619 521 1674 increvit
534 1616 617 1694 Tityi
636 1620 729 1687 iecur,

393 1697 466 1755 dum
480 1705 573 1755 cantu
587 1698 723 1755 volucres
742 1704 831 1755 tenet
843 1717 851 1765 ;

392 1786 426 1837 et
439 1783 520 1836 vinci
533 1778 609 1856 lapis
623 1780 777 1856 improbus

393 1868 427 1919 et
439 1868 542 1919 vatem
555 1865 656 1938 potuit
671 1860 779 1938 sequi.1

392 1950 466 2001 tunc
480 1948 611 2019 primum
627 1942 775 2021 Phrygius
789 1961 883 2000 senex

393 2023 482 2082 undis
497 2026 647 2082 stantibus
661 2028 819 2081 immemor

395 2110 527 2163 excussit
540 2105 676 2163 rabidam
690 2109 772 2163 sitim

393 2206 451 2243 nec
465 2191 561 2262 pomis
575 2185 702 2244 adhibet
715 2205 830 2244 manus.

393 2266 478 2325 audis
492 2266 549 2324 tu2
562 2287 692 2344 quoque,
707 2272 826 2336 navita;

394 2348 505 2406 inferni
519 2353 593 2407 ratis
606 2353 744 2426 aequoris

395 2429 479 2487 nullo
493 2434 620 2508 remigio
629 2434 722 2488 venit.

396 2516 438 2569 sic
452 2531 522 2569 cum
535 2516 672 2570 vinceret
685 2512 799 2570 inferos

395 2593 538 2669 Orpheus
552 2597 686 2651 carmine
704 2593 852 2664 fundituS,

395 2682 589 2751 consumptos
603 2679 715 2733 iterum
729 2675 805 2733 deae

395 2754 540 2832 supplent
554 2756 720 2834 Eurydices
735 2756 826 2813 colus.

394 2837 449 2895 sed
462 2837 536 2895 dum
550 2842 674 2915 respicit
688 2842 846 2894 immemor

1060 1617 1135 1675 1070

1058 1700 1132 1757 1071

1058 1784 1132 1836 1081

1058 1866 1135 1917 1082

1059 1944 1135 2002 1075

1059 2189 1135 2246 1078

1060 2270 1136 2328 1072

1059 2350 1136 2409 1073

1060 2431 1137 2490 1074

1060 2515 1138 2578 1079

1060 2599 1138 2651 1080

1060 2680 1137 2732 1083

1061 2760 1138 2812 1084

267 2965 276 2998 ¹
297 2966 350 3017 ute
361 2975 542 3031 arrartqemcat
553 2969 587 3032 os
597 2968 662 3018 linea
677 2968 823 3025 1070-1084
834 2981 865 3015 aa
876 2964 935 3028 they
946 2965 1024 3015 thaad
1040 2965 1069 3015 ia
1085 2965 1139 3016 Leo

228 3032 364 3096 followiny
381 3032 421 3082 the
438 3032 516 3082 MSS.
539 3034 562 3083 ia
573 3049 642 3084 more
654 3049 684 3081 or
694 3033 742 3081 leaa
753 3029 874 3094 illoyical,
887 3030 983 3081 besides
992 3030 1139 3095 praemiata

233 3098 358 3161 cymatia
374 3098 523 3163 difficulties.
563 3099 616 3148 The
627 3103 848 3160 re-arraapemeat
859 3097 894 3159 of
904 3095 1010 3147 Richter
1020 3096 1068 3146 har
1079 3096 1139 3146 been

232 3163 346 3226 adopted
357 3162 423 3215 here.

235 3249 294 3309 272
