2538 3846
365 293 454 351 THE
483 292 722 354 TRAGEDIES
750 295 805 355 OF
832 295 994 354 SENECA

621 448 734 485 cuoavs

264 535 363 593 Effare
378 543 410 591 et
424 533 506 593 istud
519 533 632 612 pande,
645 535 858 612 quodcumque
873 543 930 606 est,
944 535 1065 594 malum

613 694 739 734 NVNTlVS

263 784 295 842 Si
309 789 431 843 steterit
445 788 574 856 animus,
588 789 613 842 si
627 793 712 843 metu
728 805 835 861 corpus
849 788 952 862 rigens

222 878 362 932 remittet
373 882 466 933 artus.
511 875 618 933 haeret
632 880 664 931 in
679 875 765 933 vultu
779 879 874 933 trucis

222 968 322 1039 imago
337 962 427 1022 facti!
470 964 550 1022 ferte
565 984 615 1022 me
630 968 754 1022 insanae
769 964 884 1041 procul,

221 1052 283 1125 illo,
298 1053 458 1130 procellae,
472 1055 552 1113 ferte
567 1075 627 1133 quo
641 1054 739 1114 fertur
752 1056 818 1113 dies

221 1144 293 1202 hinc
308 1153 420 1221 raptus.

619 1272 732 1311 CHORVS

425 1357 552 1415 Animos
567 1362 686 1434 gravium
700 1363 835 1417 incertos
850 1366 949 1417 tenes.

221 1445 294 1524 quid
309 1450 349 1503 sit
363 1446 445 1524 quod
459 1447 564 1505 horres
578 1448 637 1505 ede
651 1456 684 1506 et
697 1457 853 1507 auctorem
867 1448 976 1506 indica.

220 1556 283 1593 non
297 1556 410 1614 quaero
423 1540 490 1613 quis
504 1541 553 1608 sit,
568 1537 623 1595 sed
637 1547 714 1596 uter.
757 1538 848 1597 effare
868 1542 958 1596 ocius.
1067 1536 1126 1597 640

612 1726 738 1766 NVNTIVS

262 1813 299 1870 ln
313 1833 382 1872 arce
398 1834 514 1873 summa
531 1814 672 1892 Pelopiae
687 1836 755 1892 pars
770 1824 818 1875 est
832 1817 940 1875 domus

156 1914 175 1949 >
221 1923 365 1962 conversa
378 1905 417 1962 ad
430 1913 557 1976 austros,
575 1910 659 1963 cuius
674 1913 846 1964 extremum
861 1905 941 1964 latus

218 1994 346 2071 aequale
360 1999 457 2052 monti
471 1999 580 2053 crescit
592 2004 685 2073 atque
700 1996 807 2054 urbem
821 2000 933 2072 premit

220 2091 253 2140 et
267 2070 613 2161 contumacem‘legibus
627 2084 774 2162 populum
788 2090 848 2144 suis

220 2171 315 2229 habet
329 2172 385 2230 sub
399 2176 461 2230 ictu
474 2193 482 2243 ;
503 2173 604 2251 fulget
618 2173 667 2232 hic
681 2175 790 2232 turbae
804 2195 898 2251 capax

220 2265 352 2320 immane
366 2270 494 2336 tectum,
508 2268 593 2322 cuius
606 2272 726 2322 auratas
739 2266 841 2322 trabes

219 2355 308 2409 variis
323 2351 480 2411 columnae
495 2353 612 2411 nobiles
626 2353 751 2413 maculis
767 2353 880 2413 ferunt.

220 2450 289 2518 post
302 2446 361 2501 ista
376 2444 465 2522 vulgo
480 2452 561 2515 nota,
576 2464 654 2522 quae
668 2444 773 2521 populi
787 2445 902 2516 colunt,

220 2536 252 2589 in
265 2533 363 2590 multa
377 2534 461 2593 dives
476 2538 573 2611 spatia
587 2534 718 2594 discedit
731 2535 838 2593 domus
849 2555 857 2605 3

220 2627 368 2679 arcanain
382 2627 443 2681 imo
457 2628 542 2701 regio
557 2644 676 2683 secessu
690 2629 779 2696 iacet,
1064 2624 1124 2685 650

220 2711 282 2769 alta
296 2720 450 2771 vetustum
465 2714 543 2772 valle
557 2734 752 2791 compescens
767 2734 884 2786 nemus,
941 2734 961 2763 u
973 2730 994 2761 'a
1019 2742 1031 2753 a
1052 2724 1080 2749 μ’
1100 2726 1114 2749 ‘⁶

220 2802 378 2878 penetrale
394 2807 489 2880 regni,
504 2795 589 2861 nulla
603 2806 662 2881 qua
675 2804 772 2863 laetos
786 2804 865 2864 solet

220 2893 366 2968 praebere
381 2911 478 2950 ramos
492 2894 580 2950 arbor
593 2902 646 2951 aut
659 2893 740 2950 ferro
754 2893 820 2964 coli,

220 2981 275 3038 sed
289 2990 377 3040 taxus
392 2990 425 3040 et
439 3002 597 3059 cupressus
612 2991 644 3040 et
658 2986 745 3059 nigra
759 2981 828 3039 ilice

220 3072 346 3129 obscura
360 3080 451 3131 nutat
464 3072 547 3143 silva,
562 3092 653 3149 quam
667 3091 756 3148 supra
770 3075 907 3131 eminens

220 3161 380 3239 despectat
393 3164 456 3221 alte
471 3182 599 3241 quereus
613 3169 646 3220 et
660 3165 754 3221 vincit
767 3182 883 3221 nemus.

224 3265 281 3315 144
