2544 3840
357 247 446 305 THE
474 244 714 305 TRAGEDIES
744 245 799 304 OF
827 243 989 303 SENECA

217 366 323 439 reperi.
366 362 440 439 quid
453 361 584 420 haeres?
625 366 689 438 ipsa
703 365 763 418 iam
777 380 875 419 cesses
889 361 971 430 licet,

216 444 291 501 haec
305 448 348 500 ira
362 448 434 502 satis
448 451 504 501 est.

613 620 725 658 NVTRIX

505 721 638 778 Pectoris
652 725 716 778 sani
730 740 846 797 parum,

216 802 347 872 alumna,
362 810 487 879 questus
502 807 666 879 comprime
682 810 715 860 et
728 801 861 859 flammas
875 801 983 869 doma;

216 884 302 941 frena
315 883 460 941 dolorem.
504 887 665 961 coniugem
680 883 808 942 ostende
824 882 975 940 Herculis,

594 1087 737 1136 anianum

258 1200 322 1257 lole
336 1204 412 1257 meis
426 1204 544 1276 captiva
558 1219 718 1277 germanos
732 1200 817 1257 dabit

216 1287 296 1340 natis
311 1281 450 1359 Iovisque
465 1281 518 1339 liet
532 1301 569 1339 ex
584 1281 697 1339 famula
710 1283 826 1340 nurus?

216 1384 278 1420 non
294 1363 411 1420 flamma
426 1383 528 1420 cursus
542 1368 656 1439 pariter
670 1371 703 1421 et
716 1371 835 1421 torrens
849 1362 929 1421 feret
1061 1369 1120 1420 280

217 1453 250 1502 et
264 1464 332 1501 ursa
346 1452 475 1520 pontum
489 1449 567 1502 sicca
581 1445 753 1502 caeruleum
767 1446 894 1502 bibet-

217 1546 278 1582 non
293 1527 342 1583 ibo
357 1525 461 1584 inulta.
505 1530 634 1602 gesseris
648 1526 853 1600 caelum-licet

216 1614 360 1684 totusque
374 1628 481 1683 pacem
495 1607 608 1665 debeat
620 1607 752 1665 mundus
766 1609 832 1678 tibi,

217 1696 264 1746 est
278 1688 390 1766 aliquid
406 1688 503 1766 hydra
516 1693 621 1766 peius:
642 1693 736 1747 iratae
750 1688 836 1745 dolor

218 1778 340 1847 nuptae.
384 1774 451 1847 quis
465 1774 544 1846 ignis
558 1778 662 1828 tantus
676 1774 708 1827 in
723 1770 839 1827 caelum
855 1769 929 1827 furit

215 1851 350 1909 ardentis
364 1851 506 1909 Aetnae?
547 1852 694 1930 quidquid
710 1860 757 1910 est
771 1855 884 1909 victum
898 1852 955 1908 tibi

218 1932 267 1990 hic
282 1937 384 1991 vincet
398 1937 523 1993 animus.
567 1942 656 2010 capta
669 1937 833 2010 praeripiet
847 1933 950 1990 toros?

216 2014 315 2072 adhuc
330 2015 474 2072 timebam
489 2023 632 2085 monstra,
647 2019 707 2071 iam
721 2014 838 2072 nullum
853 2022 901 2071 est
914 2013 1046 2082 malum3

216 2115 333 2153 cessere
347 2103 460 2172 pestes,
474 2101 506 2152 in
520 2095 621 2151 locum
635 2100 720 2153 venit
733 2095 815 2153 ferae

215 2180 311 2234 invisa
325 2174 441 2252 paelex.
484 2196 601 2233 summe
616 2196 669 2252 pro
683 2184 783 2233 rector
796 2175 889 2233 deum
1062 2183 1120 2243 290

217 2266 249 2315 et
264 2256 345 2314 clare
357 2256 458 2327 Titan,
476 2256 617 2315 Herculis
630 2265 751 2314 tantum
766 2256 810 2314 fui

217 2343 346 2395 coniunx
361 2341 500 2396 timentis
512 2357 520 2407 ;
541 2346 610 2396 vota
624 2358 701 2416 quae
716 2342 831 2415 superis
845 2338 903 2398 tuli

216 2439 333 2478 cessere
348 2428 464 2496 captae,
479 2420 587 2497 paelici
602 2419 674 2477 felix
689 2419 743 2491 fui,

216 2500 260 2558 illi
274 2521 357 2559 meas
373 2501 508 2572 audistis,
523 2521 541 2558 o
555 2506 664 2578 superi,
679 2521 796 2579 preces,

216 2582 373 2640 incolumis
387 2582 431 2639 illi
446 2591 631 2640 remeat-o
645 2582 729 2640 nulla
742 2583 828 2640 dolor

216 2671 362 2721 contente
376 2683 483 2740 poena,
498 2684 609 2742 quaere
624 2665 770 2741 supplicia
784 2665 913 2735 horrida,

216 2749 390 2821 incogitata,
405 2743 539 2816 infanda,
554 2745 703 2803 lunonem
718 2746 793 2803 doce

216 2825 288 2902 quid
303 2826 372 2883 odia
386 2826 527 2895 valeant;
547 2831 646 2884 nescit
660 2831 746 2884 irasci
761 2832 841 2885 satis.

216 2927 271 2984 pro
285 2927 334 2964 me
349 2909 476 2984 gerebas
490 2907 579 2979 bella,
593 2917 719 2986 propter
732 2928 782 2965 me
796 2928 887 2985 vagas

216 2987 370 3046 Achelous
385 2988 480 3046 undas
494 2994 641 3066 sanguine
656 2989 764 3047 infecit
778 3010 840 3062 suo,

474 3136 483 3167 ¹
501 3137 550 3188 See
561 3137 646 3189 Index
658 3154 703 3188 ac.
721 3141 738 3164 ‘⁴
747 3138 854 3187 Baars.'’

218 3218 277 3279 206
