2538 3846
368 257 457 314 THE
484 256 723 315 TRAGEDIES
752 257 807 314 OF
835 184 996 314 SENECb

389 371 502 429 Solitae
517 372 623 429 mundi
638 376 756 448 periere
772 375 870 452 yices·;

348 452 425 510 nibil
439 472 571 523 occasus,
585 452 660 509 nihil
675 460 758 510 ortus
773 458 840 510 erit.

364 542 454 610 tupet
469 534 557 604 Εοοε,
571 542 692 592 assueta
706 533 765 591 deo

349 616 471 673 tradere
485 615 586 673 frenos
600 620 740 692 genetrix
756 619 870 692 primae

350 697 466 754 roscida
480 696 564 769 lucis,
579 716 720 774 perversa
734 701 779 754 sui

327 778 454 834 <limina
468 782 555 855 regni
567 799 574 846 ;
594 783 693 836 nescit
707 778 801 836 fessos

350 864 492 935 tinguere
507 879 610 916 currus
624 880 681 917 nee
696 859 849 917 fumantes

350 941 459 998 sudore
473 938 558 998 iubas
571 961 710 1017 mergere
725 949 827 1017 ponto.

350 1026 415 1098 ipse
429 1025 549 1080 insueto
563 1043 658 1080 novus
676 1022 807 1098 hospitio

351 1103 401 1161 Sol
416 1103 563 1161 Auroram
579 1104 663 1161 videt
677 1104 829 1174 oecidnm,

350 1186 553 1262 tenebrasque
567 1187 654 1243 iubet
668 1205 791 1262 surgere
806 1186 942 1243 nondum

350 1274 440 1324 nocte
455 1275 567 1343 parata.
611 1288 673 1324 non
687 1267 856 1325 succedunt

349 1355 429 1405 astra
443 1368 500 1405 nec
515 1349 577 1406 ullo
591 1354 684 1406 micat
697 1353 769 1424 igne
785 1348 880 1424 polus,

350 1449 412 1487 non
427 1429 514 1488 Luna
529 1451 634 1506 graves
648 1429 762 1504 digerit
776 1431 905 1487 umbras
988 1498 990 1503 Ι

391 1510 452 1569 Sed
467 1509 616 1586 quidquid
630 1509 660 1565 id
676 1517 732 1577 est,
746 1513 864 1566 utinam
879 1529 939 1566 nox
954 1511 1010 1567 sit!

350 1591 516 1668 trepidant,
530 1588 687 1665 trepidant
700 1596 824 1665 pectora
838 1609 950 1665 magno

351 1691 492 1750 pereussa
505 1679 608 1728 metu:

351 1773 390 1810 ne
405 1751 490 1808 fatali
504 1760 614 1810 cuneta
628 1755 714 1809 ruina

351 1841 490 1911 quassata
502 1833 608 1892 labent
622 1838 793 1912 iterumque
807 1834 881 1892 deos

350 1915 548 1993 hominesque
562 1924 682 1993 premat
695 1915 832 1974 deforme
847 1916 948 1988 chaos,

351 2001 461 2054 iterum
475 2006 571 2055 terras
586 2006 619 2055 et
632 2018 715 2056 mare
729 2002 855 2075 cingens

351 2085 384 2134 et
398 2096 473 2153 vaga
487 2084 561 2155 picti
575 2079 674 2136 sidera
687 2080 794 2136 mundi

350 2162 458 2231 natura
473 2167 566 2235 tegat.
610 2179 672 2216 non
686 2168 829 2217 aeternae

349 2239 422 2297 facis
437 2249 542 2298 exortu
558 2241 620 2297 dux
633 2249 782 2298 astrorum

351 2322 470 2380 saecula
483 2321 598 2379 ducens
613 2322 699 2379 dabit
712 2326 836 2379 aestatis

350 2404 534 2480 brumaeque
548 2411 646 2474 notas,
660 2424 722 2460 non
742 2403 890 2477 Phoebeis

351 2486 438 2540 obvia
452 2484 578 2542 flammis
592 2485 697 2542 demet
712 2489 806 2563 noeti,

352 2565 439 2622 Luna
452 2570 576 2623 timores
590 2570 754 2643 vincetque
770 2571 815 2624 sui

350 2646 451 2705 fratris
465 2646 608 2719 habenas,
623 2668 714 2706 curvo
728 2650 848 2706 brevius

350 2729 448 2786 limite
462 2748 593 2786 currens,
636 2731 693 2787 ibit
706 2734 739 2786 in
753 2750 847 2787 unum

351 2818 496 2885 congesta
510 2814 608 2867 sinum
622 2812 712 2868 turba
725 2811 859 2869 deorum.

350 2890 399 2947 hie
414 2894 466 2968 qui
479 2895 568 2948 sacris
582 2897 703 2968 pervius
721 2896 809 2950 astris

350 2981 434 3030 secat
448 2972 570 3049 obliquo
583 2978 706 3032 tramite
725 2993 814 3031 zonas

349 3053 476 3112 flectens
489 3054 595 3130 longos
610 3055 736 3132 signifer
749 3075 853 3126 annos,

349 3134 432 3212 lapsa
445 3135 562 3193 videbit
575 3136 674 3194 sidera
687 3137 807 3206 labens3
