2432 3838
353 294 443 352 THE
470 293 709 353 TRAGEDIES
738 293 793 352 OF
822 295 983 353 SENECA

213 419 316 468 tecum
330 415 395 486 ipsa
408 430 491 467 nune
505 410 610 468 evolve
624 408 772 468 femineos
786 409 922 481 dolos,—

102 490 105 493 ’
214 491 295 570 quod
310 492 371 549 ulla
386 496 518 549 coniunx
532 491 648 568 perfido
661 500 753 569 atque
767 495 864 568 impos
878 497 924 550 sui

213 592 314 631 amore
329 592 429 643 eaeeO,
444 573 525 651 quod
540 573 713 631 novercales
727 593 834 632 manus

214 674 315 726 ausae,
329 654 410 732 quod
425 655 534 712 ardens
549 658 642 731 impia
655 659 739 731 virgo
754 654 830 725 face,

215 735 358 793 Phasiaca
372 734 492 813 fugiens
506 755 601 813 regna
614 735 787 793 Thessalica
800 737 906 805 trabe;
1061 743 1117 794 120

213 815 338 887 ferrum,
354 836 489 887 venena;
509 817 558 875 vel
574 817 756 895 Mycenaeas
770 817 875 876 domos

214 902 377 957 coniuncta
390 903 469 956 socio
483 898 612 976 profuge
626 897 738 956 furtiva
750 906 825 957 rate.

215 980 289 1057 quid
303 980 410 1037 timida
423 980 554 1057 loqueris
568 979 650 1038 furta
664 987 696 1038 et
711 980 834 1038 exilium
849 989 881 1038 et
895 980 1004 1058 fugas?

215 1081 298 1118 soror
311 1065 369 1118 ista
384 1061 475 1130 feeit;
496 1069 529 1119 te
544 1061 636 1119 decet
649 1066 745 1119 maius
759 1061 853 1119 nefas.

613 1289 724 1328 erfflx

257 1377 374 1453 Regina
389 1376 528 1433 Danaum
543 1385 576 1433 et
590 1376 730 1434 inclitum
745 1377 847 1435 Ledae
862 1398 969 1454 genua,

216 1457 290 1534 quid
303 1462 397 1517 tacita
411 1477 511 1514 versas
526 1456 638 1534 quidve
652 1457 769 1515 consilii
783 1462 936 1536 impotens

215 1538 333 1596 tumido
348 1538 464 1596 feroces
478 1542 611 1614 impetus
625 1542 726 1596 animo
738 1542 843 1616 geris?

215 1619 289 1677 lieet
303 1624 367 1696 ipsa
382 1620 479 1690 sileas,
494 1627 578 1677 totus
592 1624 623 1676 in
639 1619 723 1677 vultu
739 1628 787 1679 est
801 1621 894 1679 dolor.

215 1705 303 1777 proin
318 1700 465 1778 quidquid
481 1708 537 1771 est,
552 1700 592 1758 da
604 1708 726 1778 tempus
741 1722 776 1759 ae
791 1707 922 1780 spatium
936 1706 1011 1763 tibi:

215 1782 297 1859 quod
311 1786 388 1841 ratio
402 1801 463 1838 non
478 1786 545 1859 quit
560 1802 650 1859 saepe
664 1787 781 1841 sanavit
795 1804 886 1842 mora.
1063 1793 1119 1843 130

540 2035 793 2074 CLYTAEMNESTRA

257 2123 373 2179 Maiora
388 2127 523 2180 cruciant
537 2143 628 2200 quam
643 2131 677 2180 ut
691 2142 788 2179 moras
803 2129 913 2198 possim
928 2130 991 2201 pati
1004 2145 1011 2194 ;

215 2204 353 2261 flammae
367 2204 515 2261 medullas
531 2212 563 2262 et
577 2224 628 2261 eor
643 2211 775 2260 exurunt
789 2222 902 2275 meum,

215 2290 328 2343 mixtus
343 2285 438 2342 dolori
452 2286 588 2343 subdidit
603 2278 742 2342 stimulos
756 2288 856 2356 timor,

216 2367 329 2449 iuvidia
342 2367 444 2444 pulsat
458 2375 587 2445 pectus3
608 2365 680 2421 hine
694 2369 828 2423 animum
846 2371 917 2442 iugo

215 2453 327 2525 premit
342 2449 452 2525 cupido
466 2452 562 2524 turpis
578 2455 610 2504 et
626 2450 703 2504 vinci
718 2455 810 2506 vetat.

216 2539 249 2587 et
262 2534 344 2587 inter
357 2535 429 2588 istas
443 2533 556 2587 mentis
571 2529 709 2586 obsessae
724 2526 814 2599 faces,

215 2610 311 2669 fessus
326 2612 450 2688 quidem
466 2618 498 2668 et
513 2610 673 2667 devinctus
687 2617 720 2666 et
737 2610 957 2685 pessumdatus,

214 2692 312 2769 pudor
324 2692 461 2751 rebellat.
504 2690 645 2747 fluetibus
659 2693 747 2747 variis
761 2711 842 2767 agor,

216 2783 251 2831 ut
266 2794 334 2831 eum
348 2773 421 2830 hinc
435 2770 621 2848 profundum
635 2778 754 2841 ventus,
769 2772 840 2829 hinc
854 2784 955 2833 aestus
970 2781 1058 2852 rapit,

215 2859 332 2913 incerta
345 2854 467 2911 dubitat
482 2851 564 2909 unda
579 2854 627 2908 eui
641 2852 731 2909 cedat
741 2853 828 2910 malo.
1065 2865 1123 2916 140
1207 2866 1209 2991 A

215 2936 342 3014 proinde
357 2937 444 2991 omisi
459 2937 596 3009 regimen
611 2952 628 2990 e
643 2933 781 2991 manibus
794 2939 909 2992 meis—

215 3035 407 3094 quocumque
422 3034 471 3071 me
486 3017 539 3083 ira,
554 3033 614 3090 quo
628 3012 724 3083 dolor,
738 3034 798 3091 quo
813 3036 881 3091 spes
895 3015 984 3089 feret,

479 3172 487 3203 ¹
506 3172 608 3223 Medea
742 3172 861 3228 ²Halon.

220 3265 229 3296 l
238 3263 255 3312 2
