2538 3846
365 291 454 349 Tun
475 248 721 373 silcamus
749 292 804 350 or
833 292 993 351 sununs

347 416 379 465 et
393 396 495 487 maipr·
501 406 620 484 placeat
634 406 723 483 culpa
737 410 910 466 minoribus.

345 485 562 561 tandem'lassa
576 488 656 546 feros
671 497 763 546 exuat
777 494 910 566 impetus

346 575 415 635 sic'ci
430 575 591 647 progenies
605 570 697 646 impia
710 569 839 627 Tantali.

346 647 505 728 peccatum
521 656 592 709 satis
607 660 672 720 est;
693 650 738 708 fas
752 652 847 709 valuit
861 653 937 709 nihil

312 788 319 802 ,
345 741 399 793 aut
413 753 572 790 commune
587 732 680 789 nefas
724 733 862 808 proditus
876 734 988 792 occidit

257 884 264 897 ἱ
341 815 492 890 deceptor
506 815 621 872 domini
638 814 789 891 Myrtilus,
805 823 838 872 et
853 815 912 872 fide
1073 823 1129 872 140

270 900 279 920 ’
294 937 303 954 .
345 904 450 953 vectus
465 916 524 972 qua
538 895 652 952 tulerat
666 896 768 953 nobile
782 896 918 954 reddidit

290 992 301 1030 .“
314 1005 329 1021 ..
345 985 463 1034 mutato
478 976 604 1053 pelagus
618 980 742 1033 nomine
755 997 762 1045 3
784 982 884 1035 notior

198 1102 201 1110 ,
242 1124 247 1134 φ
270 1052 279 1072 ’
345 1058 429 1114 nulla
443 1066 490 1115 est
506 1057 598 1114 loniis
612 1058 714 1115 sabula
728 1060 862 1116 navibus.

346 1148 491 1216 exceptus
505 1139 607 1216 gladio
621 1139 762 1215 parvulus
776 1144 869 1216 impio

345 1222 418 1278 dum
433 1225 525 1278 currit
539 1225 670 1296 patrium
685 1227 774 1278 natus
789 1221 826 1278 ad
842 1221 987 1291 osculum,

315 1335 319 1343 ·
344 1307 504 1360 immatura
518 1302 592 1360 focis
606 1306 728 1359 victima
743 1302 876 1359 concidit

344 1383 517 1460 divisusque
532 1392 656 1453 tuaest,
672 1382 810 1452 Tantale,
827 1382 964 1453 dextera,

344 1484 463 1521 mensas
477 1472 512 1521 ut
527 1472 658 1521 strueres
674 1462 842 1538 hospitibus
856 1463 930 1520 deis.

345 1545 399 1601 hos
414 1553 538 1602 aeterna
552 1544 647 1600 fames
661 1546 854 1619 persequitur
873 1545 964 1615 cibos,

344 1625 398 1681 hos
413 1633 537 1682 aeterna
551 1628 616 1681 sitis
629 1644 636 1691 ;
657 1643 714 1680 nec
729 1624 857 1699 dapibus
871 1624 943 1683 feris
1070 1634 1127 1684 150

345 1706 468 1763 decerni
483 1709 584 1781 potuit
599 1724 698 1780 poena
711 1705 877 1763 decentior.

338 1794 342 1804 ’
384 1786 453 1845 Stat
480 1786 574 1844 lassus
588 1806 682 1843 vacuo
696 1794 822 1863 gutture
836 1787 983 1845 Tantalus
996 1808 1003 1857 ;

344 1869 504 1945 impendet
518 1872 611 1943 capiti
625 1867 754 1945 plurima
768 1872 858 1926 noxio

345 1949 468 2008 Phineis
482 1951 586 2008 avibus
601 1950 714 2026 praeda
727 1948 862 2027 fugacior
874 1971 882 2019 ;

344 2032 415 2088 hinc
429 2032 512 2088 illinc
527 2032 658 2109 gravidis
672 2030 829 2088 frondibus
840 2034 965 2090 incubat

345 2121 377 2170 et
392 2121 513 2170 curvata
528 2117 588 2170 suis
603 2112 716 2170 fetibus
730 2133 765 2168 ac
779 2121 914 2170 tremens

343 2193 453 2251 alludit
467 2194 577 2269 patulis
591 2194 679 2250 arbor
693 2193 833 2251 hiatibus.

344 2274 429 2346 haec,
444 2279 579 2352 quamvis
593 2274 698 2332 avidus
712 2294 769 2331 nec
784 2279 903 2351 patiens
917 2295 1030 2346 morae,

344 2357 492 2432 deceptus
506 2360 620 2413 totiens
635 2363 763 2433 tangere
778 2357 916 2433 neglegit

345 2438 541 2515 obliquatque
556 2438 657 2494 oculos
672 2458 783 2514 oraque
799 2442 970 2515 comprimit
1069 2435 1126 2494 160

345 2519 527 2595 inclusisque
543 2518 655 2576 famem
670 2520 814 2577 dentibus
828 2519 941 2596 alligat.

345 2601 398 2658 sed
412 2609 487 2658 tunc
502 2600 622 2657 divitias
636 2620 726 2658 omne
741 2621 848 2658 nemus
862 2619 930 2658 suas

343 2682 480 2739 demittit
494 2685 616 2757 propius
630 2701 779 2758 pomaque
794 2682 925 2757 desuper

344 2762 492 2820 insultant
506 2761 585 2819 foliis
598 2767 685 2820 mitia
698 2762 850 2839 languidis

343 2844 576 2921 accenduntque
591 2843 713 2914 famem,
728 2863 806 2919 quae
820 2843 906 2899 iubet
920 2845 1018 2899 irritas

256 2977 263 3009 ¹
283 2980 308 3028 A
319 2979 452 3028 retention
473 2979 500 3028 oi
518 2979 563 3027 the
581 2976 722 3027 rhetorical
735 2976 848 3025 element
860 2976 887 3025 in
900 2975 954 3025 this
965 2976 1019 3026 line
1030 2976 1127 3026 results

224 3045 297 3093 inan
309 3043 446 3108 obscurity
458 3041 610 3107 impossible
622 3047 650 3090 to
662 3040 740 3089 avoid
753 3042 780 3089 in
793 3041 911 3106 English.
937 3041 993 3091 The
1005 3043 1128 3107 meaning

222 3125 253 3224 1th
255 3191 269 3225 e
270 3109 338 3226 ΠΙιὲξΙ
340 3114 412 3225 01ὲὲἓο
413 3110 461 3224 the
477 3106 653 3157 descendants
672 3105 834 3171 (minoribus)
851 3107 885 3157 do
902 3123 986 3158 worse
1002 3109 1043 3157 sin
1060 3108 1127 3157 than

227 3265 282 3315 102
