2544 3862
381 296 470 356 THE
496 294 736 355 TRAGEDIES
764 294 819 352 OF
846 291 1007 354 SENECA

240 414 303 472 alte
318 413 464 483 extulisti,
480 415 599 489 gravius
613 419 648 469 ut
662 428 782 468 ruerem
796 408 879 467 edita

239 503 381 571 receptus
394 513 463 552 arce
477 501 586 570 totque
600 496 803 569 prospicerem
816 492 940 548 metus?
1087 496 1156 549 380

239 577 350 635 melius
362 576 496 634 latebam
510 573 614 651 procul
628 575 667 631 ab
680 573 812 631 invidiae
824 572 912 630 malis

240 666 374 717 remotus
388 661 470 715 inter
484 656 595 714 Corsici
609 674 699 732 rupes
713 659 814 727 maris,

241 742 293 799 ubi
307 740 385 798 liber
398 742 516 796 animus
531 746 564 796 et
578 741 624 796 sni
637 741 709 794 iuris
723 736 798 793 mihi

242 840 362 898 semper
375 821 501 878 vacabat
514 820 616 878 studia
630 818 778 876 recolenti
791 837 867 877 mea.

242 923 260 961 o
275 922 365 981 quam
378 902 510 973 iuvabat,
525 921 585 978 quo
599 900 676 958 nihil
689 903 785 958 maius
798 918 908 977 parens

243 985 360 1041 Natura
374 987 492 1060 genuit,
506 987 605 1060 operis
619 985 759 1040 immensi
773 979 893 1052 artifex,

244 1065 362 1124 caelum
375 1069 498 1136 intueri,
513 1065 582 1122 solis
597 1072 630 1121 et
644 1083 748 1120 currus
764 1082 862 1121 sacros

242 1147 409 1224 mundique
422 1146 545 1216 motus,1
560 1145 630 1203 solis
643 1144 775 1202 alternas
789 1149 869 1202 vices

243 1230 409 1306 orbemque
424 1228 573 1299 Phoebes,
587 1235 667 1285 astra
681 1246 772 1304 quem
786 1231 915 1303 cingunt
929 1245 1014 1303 vaga,

242 1311 366 1388 lateque
380 1308 502 1387 fulgens
516 1308 649 1367 aetheris
662 1312 765 1384 magni
779 1309 872 1369 decus
884 1327 892 1377 3
1088 1314 1152 1374 390

243 1396 295 1471 qui
310 1397 335 1451 si
348 1395 490 1463 senescit,
503 1398 607 1451 tantus
620 1395 652 1447 in
667 1410 790 1452 caecum
804 1389 894 1447 chaos

243 1492 364 1532 casurus
378 1477 499 1543 iterum,
513 1480 587 1530 tunc
601 1471 689 1530 adest
702 1470 817 1529 mundo
830 1471 918 1529 dies2

244 1573 401 1631 supremus
414 1552 477 1623 ille,
491 1557 543 1629 qui
557 1551 696 1630 premat³
710 1573 807 1630 genus
821 1556 948 1630 impium

244 1634 318 1693 caeli
334 1638 430 1706 ruina,
443 1653 545 1692 rursus
559 1642 594 1692 ut
607 1638 734 1711 stirpem
747 1636 855 1692 novam

245 1724 375 1794 generet
388 1736 549 1774 renascens
563 1715 679 1786 melior,
693 1724 728 1773 ut
742 1716 894 1793 quondam
913 1712 987 1775 tulit

245 1803 373 1870 iuvenis,
386 1806 515 1857 tenente
529 1817 624 1874 regna
638 1796 770 1856 Saturno
783 1797 853 1874 poli.

244 1889 319 1940 tunc
333 1880 385 1938 illa
399 1884 494 1956 virgo,
508 1883 641 1937 numinis
655 1884 758 1957 magni
772 1879 839 1950 dea,

245 1961 376 2032 Iustitia,
390 1961 474 2020 caelo
488 1965 578 2020 missa
592 1980 660 2018 cum
675 1968 778 2021 sancta
793 1961 867 2019 Fide

240 2048 334 2107 tertis
349 2044 476 2120 regebat
491 2047 573 2100 mitis
589 2041 754 2100 humanum
769 2062 874 2119 genus.

244 2145 307 2183 non
321 2124 401 2182 bella
415 2131 534 2194 norant,
549 2143 611 2179 non
624 2123 717 2180 tubae
732 2122 870 2183 fremitus
884 2133 996 2196 truces,
1090 2131 1150 2185 400

245 2225 307 2263 non
321 2225 403 2262 arma
416 2212 537 2281 gentes
552 2208 675 2280 cingere
689 2214 846 2263 assuerant
861 2227 928 2264 suas
1044 2215 1045 2218 ’

244 2291 338 2345 muris
351 2306 409 2345 nec
424 2287 513 2344 urbes
527 2306 534 2344 ε
555 2289 693 2362 pervium
706 2291 824 2344 cunctis
838 2291 907 2359 iter,

245 2371 414 2427 communis
428 2387 499 2426 usus
513 2371 648 2425 omniurn
662 2388 764 2426 rerum
778 2367 857 2438 fuit;

246 2458 279 2510 et
292 2454 357 2527 ipsa
370 2449 474 2508 Tellus
488 2449 569 2507 laeta
582 2449 730 2508 fecundos
743 2454 826 2509 sinus

246 2532 401 2609 pandebat
414 2532 505 2602 ultro,
519 2538 583 2591 tam
597 2535 654 2608 piis
669 2531 743 2589 felix
756 2552 865 2609 parens

247 2621 279 2676 et
293 2621 362 2671 tuta
376 2612 513 2672 alumnis

514 2694 584 2750 Alia
597 2693 651 2752 sed
666 2694 796 2767 suboles,
808 2699 908 2754 minus

248 2782 375 2851 experta
388 2777 481 2846 mitis,
495 2778 622 2833 tertium
636 2775 741 2833 sollers
754 2796 852 2853 genus

248 2875 340 2913 novas
354 2855 394 2914 ad
407 2863 488 2913 artes
503 2860 617 2927 extitit,
632 2864 772 2914 sanctum
785 2866 909 2927 tamen3

248 2957 319 2999 mox
332 2941 515 3017 inquietum,
530 2937 611 3015 qnod
625 2942 710 3016 sequi
725 2958 813 2999 cursu
831 2938 910 2999 feras

282 3058 291 3091 ¹
309 3060 362 3110 Leo
373 3060 463 3111 deleres
474 3060 537 3110 solis
554 3098 560 3110 .
581 3098 587 3111 .
608 3097 614 3111 .
635 3064 729 3112 motus·

282 3123 293 3155 ²
308 3125 343 3175 So
350 3125 456 3176 Richter
467 3126 528 3176 wilt
535 3125 626 3176 Mes:
645 3126 698 3177 Leo
707 3142 814 3176 casurus
825 3129 924 3179 iterum
935 3133 1080 3179 est—nuno
1090 3129 1148 3181 ades

250 3190 359 3253 mundo,
372 3190 436 3242 dies.
528 3192 539 3224 ⁸
555 3191 707 3243 Sollicitor
717 3192 778 3243 with
790 3192 882 3246 nse:
900 3194 953 3246 Leo
964 3211 1075 3260 premas.

251 3281 310 3333 438
