2542 3862
342 286 431 343 THE
458 285 697 343 TRAGEDIES
726 285 781 342 OF
809 285 969 342 SENECA

364 404 473 478 cuique
488 400 625 458 Britanni
639 408 726 477 terga
739 399 864 472 dedere,

363 482 490 539 ducibus
503 486 614 539 nostris
627 489 700 539 ante
714 485 812 556 ignoti

363 568 496 640 iurisque
510 566 564 621 sui.
1068 571 1110 620 30

363 648 510 720 coniugis,
523 644 583 702 heu
599 665 659 715 mc,
673 651 770 720 pater,
785 644 903 702 insidiis

364 745 506 803 oppresse
521 730 600 783 iaces
614 729 768 803 servitque
782 725 890 783 domus

364 827 433 864 cum
448 807 532 884 prole
547 814 600 864 tua
614 816 703 883 capta
716 814 854 885 tyranno,

596 983 708 1022 Nurmx

242 1082 373 1158 Fulgore
387 1085 484 1159 primo
499 1089 605 1158 captus
620 1089 653 1139 et
667 1080 766 1157 fragili
780 1082 860 1137 bono
872 1080 892 1121 ¹-

200 1163 314 1221 fallacis
328 1163 415 1221 aulae
430 1167 564 1240 quisquis
578 1168 727 1220 attonitus
747 1169 862 1239 stupet,

200 1245 321 1303 subito2
341 1245 467 1302 latentis
482 1264 553 1302 ecce
569 1244 720 1302 Fortunae
735 1248 852 1320 impetu

200 1326 290 1383 modo
303 1333 537 1404 praepotentem
550 1333 657 1383 cernat
670 1345 804 1383 eversam
818 1324 942 1410 domum

199 1411 386 1484 stirpemque
401 1406 517 1477 Claudi,
531 1410 615 1464 cuius
630 1410 756 1483 imperio
770 1405 830 1464 fuit

199 1490 353 1546 subiectus
368 1489 457 1558 orbiS,
472 1491 572 1564 paruit
585 1487 664 1545 liber
677 1487 730 1545 diu

200 1569 340 1628 Oceanus
355 1576 388 1626 et
401 1572 518 1645 recepit
532 1572 645 1625 invitus
660 1575 748 1625 rates
1064 1574 1105 1625 40

199 1670 239 1707 en
253 1653 305 1727 qui
320 1649 473 1707 Britannis
487 1653 601 1725 primus
616 1653 760 1726 imposuit
773 1653 889 1726 iugum,

198 1736 304 1808 ignota
317 1735 410 1789 tantis
424 1731 568 1789 classibus
582 1735 662 1789 texit
674 1730 755 1789 freta

198 1817 340 1890 interque
354 1821 464 1889 gentes
478 1813 618 1879 barbaras
631 1820 718 1871 tutus
732 1812 792 1870 fuit

199 1903 232 1953 et
245 1901 335 1952 sae‘va
349 1898 451 1965 maria,
466 1898 603 1970 coniugis
617 1893 733 1952 scelere
747 1893 876 1962 occidit3

198 1996 268 2033 mox
283 1975 335 2034 illa
348 1980 431 2044 nati3
453 1980 537 2034 cuius
552 1980 706 2033 extinctus
720 1979 800 2033 iacet

197 2057 292 2116 frater
306 2061 439 2115 venenis
483 2064 599 2114 maeret
614 2056 720 2114 infelix
735 2075 818 2114 soror

198 2139 366 2216 eademque
381 2141 512 2195 coniunx
526 2157 584 2194 nec
597 2157 705 2214 graves
718 2137 819 2195 luctus
833 2136 916 2195 valet

197 2224 241 2276 ira
255 2227 359 2276 coacta
372 2226 478 2295 tegere
493 2218 623 2276 erudelis
638 2221 711 2286 viri3

197 2320 289 2379 quem
304 2307 408 2358 sancta
422 2299 536 2376 refugit
550 2318 679 2377 semper,
694 2307 787 2376 atque
801 2299 871 2357 odio
885 2303 950 2375 pari

196 2382 307 2440 ardens
321 2385 447 2439 maritus
460 2384 553 2457 impia
566 2380 674 2458 flagrat
687 2380 762 2439 face.
1063 2389 1102 2439 50

195 2468 330 2522 animum
345 2462 477 2520 dolentis
491 2469 594 2520 nostra
608 2462 722 2520 solatur
735 2461 810 2521 fides

196 2549 354 2622 pietasque
368 2543 479 2601 frustra
491 2563 499 2612 ;
520 2547 615 2601 vincit
628 2547 753 2600 immitis
767 2542 853 2601 dolor

197 2626 320 2684 consilia
334 2633 437 2683 nostra
451 2644 508 2682 nec
523 2629 588 2701 regi
602 2629 714 2683 mentis
729 2632 833 2700 potest

196 2726 360 2784 generosus
374 2706 471 2778 ardor,
485 2706 540 2764 sed
554 2706 640 2764 malis
654 2709 731 2764 vires
746 2709 835 2783 capit.

196 2787 257 2846 heu
270 2808 361 2866 quam
375 2787 542 2845 nefandum
557 2791 702 2864 prospicit
716 2795 820 2845 noster
833 2790 924 2844 timor

196 2869 302 2940 scelus,
317 2869 399 2947 quod
412 2873 531 2927 utinam
545 2888 660 2927 numen
673 2876 792 2926 avertat
806 2867 906 2925 deum.

228 3041 236 3072 ¹
254 3041 288 3091 So
301 3041 421 3092 Richter:
437 3041 491 3092 Leo
502 3042 655 3106 conjectares
666 3040 733 3091 facie
744 3057 820 3091 nova.

196 3106 422 3224 inlolrlnlllcmer:
440 3108 493 3158 Leo
510 3107 559 3158 sub
575 3123 636 3168 uno,
650 3106 711 3156 with
728 3113 778 3168 nr,
791 3106 834 3157 bat
845 3106 1000 3170 conjecturae
1010 3105 1101 3158 subito

196 3262 255 3314 412
