2538 3846
366 283 455 340 THE
483 283 722 341 TRAGEDIES
752 283 806 342 OF
835 284 997 343 SENECA

611 434 750 473 surnttus

272 497 397 554 Ferrum
408 499 419 553 ?

627 596 740 636 Arunvs

419 660 527 717 Parum
542 668 597 718 est.

611 786 750 825 sarsurus

612 864 696 937 Quid
709 867 809 943 ignis?

628 1016 739 1055 Arnnvs

757 1079 940 1136 Etiamnunc
954 1097 1060 1155 parurn
1076 1085 1131 1135 est.

611 1196 750 1235 ssrnurns

268 1275 409 1348 Quonam
423 1296 496 1354 ergo
510 1276 574 1335 telo
588 1283 694 1335 tantus
708 1284 814 1334 utetur
828 1275 935 1333 dolor?

627 1452 737 1491 Aruuvs

268 1513 338 1589 Ipso
352 1514 496 1591 Thyeste.

608 1630 748 1668 srrnruns

497 1709 596 1768 Maius
610 1709 668 1767 hoc
683 1701 732 1767 irzT
741 1718 791 1768 est*
803 1710 925 1768 malurn.

623 1886 733 1926 ATREVS

266 1973 382 2031 Fateor.
425 1975 576 2033 tumultus
590 1983 714 2051 pectora
728 1979 877 2035 attonitus
892 1981 991 2053 quatit
1073 1973 1131 2032 260

224 2067 407 2140 penitusque
421 2053 536 2133 vulvit;
557 2069 656 2141 rapior
670 2073 703 2122 et
718 2085 777 2141 quo
792 2069 904 2136 nescio,

225 2152 279 2210 sed
293 2156 400 2227 rapior.
443 2157 504 2210 imo
518 2158 618 2230 mugit
633 2173 650 2211 e
664 2153 761 2211 fundo
779 2154 885 2224 solum,

223 2249 312 2298 tonat
325 2241 390 2323 <ties
405 2261 529 2300 serenus
544 2263 578 2299 ae
592 2247 666 2300 totis
680 2242 787 2300 domus

225 2338 260 2388 ut
276 2330 371 2388 fracta
384 2335 476 2390 tectis
490 2335 609 2408 crepuit
624 2340 657 2389 et
671 2336 746 2388 moti
760 2332 838 2390 lares

224 2429 344 2479 vertere
358 2421 572 2479 vultum-fiat
585 2421 653 2493 hoe,
667 2421 720 2479 fiat
734 2421 819 2480 nefas

224 2512 317 2587 quod,
333 2511 373 2583 di,
389 2516 512 2569 timetis

609 2623 748 2662 susurrus

516 2702 628 2761 Facere
642 2703 716 2780 quid
730 2702 857 2760 tandem
871 2702 979 2777 paras?

621 2896 732 2935 Arnnvs

265 2973 375 3031 Nescio
389 2974 462 3052 quid
477 2979 579 3032 animo
592 2979 688 3032 maius
703 2982 736 3032 et
750 2972 839 3031 solito
854 2975 982 3051 amplius

223 3081 373 3139 supraque
387 3062 463 3121 fines
477 3068 568 3120 moris
581 3063 706 3120 humani
720 3071 821 3122 tumet

222 3156 377 3229 instatque
391 3156 485 3229 pigris
498 3152 759 3211 manibus—haud
773 3155 845 3231 quid
861 3160 900 3213 sit
914 3160 984 3227 scio,

227 3257 238 3304 l
248 3256 282 3305 12
