2432 3838
353 264 442 321 THE
469 262 709 321 TRAGEDIES
738 262 792 320 OF
822 262 983 321 SENECA

214 380 350 437 tridente
364 399 471 455 rupem
485 379 603 436 subruit
616 377 735 454 pulsam
749 385 837 454 pater

215 468 379 546 Neptunus
393 472 461 525 imis
475 487 603 525 exerens
616 467 707 525 undis
721 475 813 544 caput

215 559 364 636 solvitque
378 566 515 615 montem
528 577 535 625 ;
556 576 647 635 quem
662 556 774 615 cadens
788 576 890 614 secum
905 557 978 614 tulit

214 659 357 727 terraque
372 657 405 706 et
419 652 490 725 igne
505 652 602 705 victus
616 655 649 705 et
663 647 773 724 pelago
786 651 874 706 iacet.

259 740 321 796 Nos
335 738 393 795 alia
407 742 501 794 maior
514 736 676 814 naufragos
690 741 785 814 pestis
796 744 891 794 vocat.

216 838 264 888 est
277 829 400 886 humilis
414 828 504 900 unda,
519 831 653 904 scrupeis
670 828 802 885 mendax
817 827 910 899 vadis,

216 921 267 977 ubi
283 940 353 977 saxa
366 919 478 995 rapidis
492 918 593 976 clausa
606 919 770 976 verticibus
783 922 864 995 tegit

215 1010 307 1067 fallax
322 1010 495 1086 Caphereus
507 1029 515 1078 ;
535 1016 655 1067 aestuat
668 1007 799 1085 scopulis
812 1007 925 1066 fretum
1063 1007 1125 1067 560

216 1101 376 1178 fervetque
391 1120 512 1177 semper
525 1099 633 1157 fluctus
646 1098 764 1156 alterna
778 1102 850 1157 vice.

216 1210 269 1248 arx
282 1195 423 1249 imminet
437 1198 599 1267 praerupta
613 1209 690 1266 quae
704 1196 824 1265 spectat
837 1206 920 1246 mare

217 1286 370 1359 utrimque
386 1285 550 1357 geminum.
596 1279 715 1355 Pelopis
729 1277 801 1335 hinc
815 1297 881 1336 oras
894 1281 940 1335 tui

219 1379 252 1429 et
267 1370 416 1438 Isthmon,
430 1378 496 1426 arto
510 1373 562 1447 qui
575 1376 750 1427 recurvatus
763 1367 827 1424 solo

222 1459 306 1516 Ionia
319 1464 404 1535 iungi
418 1464 512 1515 maria
528 1458 662 1515 Phrixeis
676 1465 770 1529 vetat,

220 1548 292 1606 hinc
306 1547 421 1606 scelere
436 1547 576 1605 Lemnon
590 1547 723 1606 nobilem
740 1555 773 1605 et
787 1547 979 1605 Calchedona

220 1638 399 1714 tardamque
414 1638 528 1694 ratibus
543 1637 662 1695 Aulida.
705 1636 784 1694 hanc
798 1657 899 1694 arcem
913 1645 1043 1714 occupat

221 1727 391 1785 Palamedis
405 1727 456 1785 ille
471 1731 591 1803 genitor
605 1736 638 1786 et
652 1727 766 1785 clarum
779 1748 871 1785 manu
950 1745 953 1750 ·

136 1844 139 1850 ·
219 1820 326 1877 lumen
340 1817 473 1877 nefanda
487 1823 600 1877 vertice
616 1839 633 1876 e
648 1838 766 1876 summo
780 1818 908 1876 efferens

220 1914 253 1967 in
267 1929 337 1966 saxa
352 1908 437 1966 ducit
451 1908 565 1985 perfida
579 1908 706 1967 classem
720 1908 794 1965 face.
1066 1911 1131 1970 570

221 2000 350 2057 haerent
364 2003 460 2056 acutis
471 2000 595 2075 rupibus
610 1998 686 2055 fixae
700 2006 801 2066 rates3

221 2089 275 2146 has
289 2092 387 2164 inopis
402 2088 502 2145 undae
518 2089 619 2146 brevia
632 2091 842 2145 comminuunt
856 2088 941 2159 vada,

223 2197 291 2254 pars
305 2176 428 2235 vehitur
441 2177 529 2234 huius
543 2182 648 2254 prima,
662 2196 731 2253 pars
745 2177 868 2254 scopulo
882 2178 970 2236 sedet
982 2197 990 2247 3

222 2268 301 2325 hanc
316 2267 374 2324 alia
387 2275 469 2326 retro
482 2272 580 2344 spatia
594 2267 784 2344 relegentem
799 2266 871 2325 ferit

224 2366 256 2416 et
270 2358 366 2416 fracta
379 2357 501 2435 frangit.
545 2362 604 2414 iam
618 2361 730 2414 timent
743 2365 856 2415 terram
871 2366 950 2415 rates

218 2453 364 2507 etmaria
376 2449 503 2506 malunt.
547 2448 658 2506 cecidit
672 2452 704 2504 in
718 2448 818 2505 lucem
832 2448 914 2506 furor
926 2468 934 2517 ;

223 2548 383 2617 postquam
398 2539 520 2597 litatum
535 2547 582 2596 est
597 2538 663 2609 llio,
680 2537 819 2596 Phoebus
834 2539 914 2596 redit

224 2637 257 2687 et
270 2629 381 2685 damna
395 2634 492 2686 noctis
505 2631 601 2686 tristis
615 2627 750 2686 ostendit
764 2627 837 2685 dies.
910 2654 913 2660 ·

520 2762 529 2771 '
548 2785 800 2825 cxxrxuuunsrnn

267 2866 416 2923 Vtrumne
431 2865 551 2923 doleam
564 2864 662 2923 laeter
675 2886 713 2922 an
728 2865 872 2923 reducem
886 2868 1006 2923 virum?
1196 2932 1197 2935 Ἴ

224 2975 374 3014 remeasse
389 2956 485 3012 laetor
499 2954 608 3013 vulnus
622 2964 655 3013 et
668 2960 755 3031 regni
769 2975 860 3032 grave
1069 2964 1134 3018 580
1196 3018 1197 3045 ¹

158 3206 162 3209 Β
225 3143 376 3208 Hypsipyle
387 3142 466 3192 saved
477 3142 524 3192 her
535 3143 633 3204 father,
647 3143 741 3193 Thoas.

226 3234 264 3284 48
