2556 3844
357 318 445 375 run
473 318 712 378 reuersurus
741 320 795 378 or
824 280 994 379 suuuclx

601 461 744 510 aninumr

259 525 381 609 Frustra
394 558 520 609 tenetur
533 552 585 609 ille
601 555 652 628 qui
667 556 775 610 statuit
788 557 864 609 mori
875 573 883 621 ;

215 639 343 717 proinde
357 640 457 697 lucem
473 640 578 716 fugere
592 640 751 698 decretum
766 650 814 699 est
826 643 909 700 mihi.

215 734 291 788 vixit
305 734 377 787 satis
391 733 574 808 quicumque
588 751 657 789 cum
672 731 781 789 Alcide
796 732 914 791 occidit.

614 898 726 937 NVTRIX

257 977 314 1035 Per
326 977 381 1035 has
395 977 490 1036 aniles
505 997 576 1035 ecce
590 986 622 1036 te
637 979 765 1055 supplex
780 998 880 1035 comas

214 1076 306 1146 atque
321 1070 414 1126 ubera
428 1073 486 1127 ista
500 1088 597 1145 paene
612 1077 750 1126 materna
764 1070 907 1126 obsecro:

216 1158 337 1235 depone
351 1159 483 1217 tumidas
497 1163 628 1235 pectoris
642 1159 716 1216 laesi
730 1164 827 1216 minas

216 1253 382 1327 mortisque
396 1249 479 1307 dirae
495 1248 614 1326 expelle
629 1249 789 1308 decretum
803 1248 966 1308 horridum.

599 1415 742 1464 uniamur

256 1512 448 1588 Quicumque
461 1516 572 1569 misero
586 1512 665 1584 fqrte
680 1512 837 1570 dissuadet
850 1517 936 1584 mori,

215 1601 345 1659 crudelis
358 1601 410 1658 ille
425 1609 473 1659 est
487 1621 495 1670 ;
516 1605 640 1659 interim
654 1621 753 1677 poena
768 1610 815 1660 est
828 1607 914 1672 mori,
1059 1611 1119 1671 930

213 1691 267 1749 sed
282 1710 372 1769 saepe
386 1692 518 1760 donum;
537 1692 673 1768 pluribus
686 1696 793 1750 veniae
807 1691 874 1751 fuit.

612 1896 723 1935 NVTRIX

255 1982 398 2040 Defende
412 1983 521 2041 saltem
540 1984 707 2055 dexteram,
722 1984 838 2055 infelix,
853 1993 937 2042 tuam

214 2070 388 2148 fraudisque
404 2072 520 2129 facinus
535 2092 610 2143 esse,
626 2093 688 2129 non
701 2082 826 2150 nuptae,
841 2078 923 2132 sciat.

595 2252 737 2301 uuixurua

255 2348 413 2407 Defendar
426 2349 506 2418 illic;
527 2349 616 2407 inferi
630 2351 788 2408 absolvent
801 2371 894 2423 ream,

213 2458 231 2494 a
245 2458 294 2495 me
310 2442 375 2515 ipsa
389 2439 533 2508 damu0r;
554 2449 665 2516 purget
680 2440 733 2499 has
750 2440 860 2499 Pluton
878 2462 992 2500 manus,

214 2529 301 2586 stabo
315 2537 387 2586 ante
402 2533 480 2605 ripas
494 2534 661 2601 immemor,
681 2530 790 2602 Lethe,
805 2539 873 2590 tuas

214 2627 246 2676 et
267 2619 373 2675 umbra
387 2624 482 2676 tristis
497 2624 657 2696 coniugem
672 2626 820 2698 excipiam
834 2643 944 2681 meum.

254 2707 315 2765 Sed
330 2716 374 2777 tu,
389 2713 539 2784 nigrantis
553 2729 648 2786 regna
662 2716 714 2788 qui
730 2720 851 2789 torques
865 2713 936 2789 poli,

213 2817 285 2873 para
298 2797 433 2854 laborem
447 2796 575 2877 (scelera
589 2819 667 2876 quae
681 2805 838 2878 quisquam
852 2815 941 2859 ausus
956 2810 1012 2874 est,

213 2887 263 2944 hic
277 2892 380 2945 vincet
395 2908 497 2957 err0r;
518 2889 595 2946 Iuno
610 2911 672 2946 non
685 2910 757 2948 ausa
773 2891 939 2950 Herculem
954 2901 1001 2950 est
1056 2900 1115 2960 940

212 2981 331 3053 eripere
347 2980 448 3053 terris)
463 2978 614 3038 horridam
628 3000 757 3056 poenam
771 3001 850 3057 para.

211 3065 354 3143 Sisyphia
368 3072 468 3125 cervix
483 3077 581 3127 cesset
596 3077 628 3127 et
642 3078 760 3128 nostros
774 3070 849 3147 lapis

212 3272 270 3332 262
