2544 3840
372 308 461 366 THE
488 306 728 365 TRAGEDIES
757 307 811 366 OF
840 306 1001 365 SENECA

353 431 476 480 noctem
491 426 632 499 quotiens
647 430 818 479 summovet
834 422 903 493 Eos

353 525 458 581 regem
472 508 586 561 totiens
600 502 717 560 credite
731 508 821 560 nasci.

353 590 441 662 pauci
455 604 554 661 reges,
568 605 739 660 nonregna
753 584 858 642 colunt
870 604 877 652 ;

353 667 456 744 plures
469 666 570 743 fulgor
584 670 717 723 concitat
730 665 825 723 aulae.

354 752 438 824 cupit
452 748 501 804 hic
516 752 582 823 regi
596 752 748 823 proximus
763 752 820 823 ipsi

354 829 451 887 clarus
464 829 541 886 latas
555 834 599 886 ire
613 849 668 904 per
681 830 789 897 urbes;
862 836 867 842 '

354 916 415 968 urit
428 908 572 967 miserum
587 911 683 986 gloria
696 918 811 986 pectus

296 1030 300 1036 »
354 998 438 1068 cupit
453 993 502 1048 hic
516 996 597 1068 gazis
612 990 739 1068 implere
753 991 886 1059 famem;

353 1094 411 1130 nec
425 1082 530 1131 tamen
544 1078 641 1130 omnis
654 1072 745 1149 plaga
758 1072 929 1149 gemmiferi

354 1156 461 1213 sufficit
477 1155 577 1212 Histri
591 1174 648 1211 nec
663 1162 729 1211 tota
743 1158 825 1212 sitim

355 1236 451 1314 Lydia
465 1240 560 1292 vincit
573 1255 631 1292 nec
645 1255 723 1312 quae
739 1235 878 1313 Zephyro

353 1318 475 1376 subdita
489 1316 580 1374 tellus
595 1325 699 1392 stupet
710 1324 815 1373 aurato

353 1399 476 1456 flumine
491 1397 605 1454 clarum
619 1398 735 1455 radiare
749 1397 886 1474 Tagum3

354 1499 411 1536 nec
426 1484 450 1536 si
464 1487 549 1537 totus
563 1484 674 1536 serviat
691 1479 813 1536 Hebrus

354 1580 482 1637 ruraque
497 1559 582 1617 dives
596 1564 704 1636 iungat
720 1561 882 1637 Hydaspes

353 1647 494 1718 intraque
509 1661 578 1699 suos
591 1661 711 1699 currere
726 1642 801 1699 fines

354 1731 474 1799 spectet
488 1731 554 1780 toto
569 1722 691 1779 flumine
707 1723 846 1799 Gangen.

353 1805 457 1875 avidiS,
473 1804 567 1862 avidis
581 1812 689 1861 natura
704 1824 810 1880 parum
824 1812 879 1862 est.

395 1885 474 1943 Colit
488 1886 537 1942 hic
553 1906 640 1962 reges
655 1905 823 1963 regumque
837 1885 924 1956 lareS,

353 1987 416 2024 non
430 1975 467 2024 ut
480 1987 583 2043 presso
598 1986 719 2025 vomere
734 1987 854 2043 semper

354 2068 520 2125 numquam
535 2057 633 2106 cesset
648 2068 755 2105 curvus
770 2057 869 2106 arator

355 2130 403 2187 vel
417 2129 501 2187 mille
517 2138 623 2187 secent
636 2150 707 2186 arva
721 2129 820 2186 coloni
832 2149 840 2198 ;

356 2211 433 2268 solas
447 2219 534 2287 optat
547 2232 621 2288 quas
635 2219 730 2286 ponat
743 2230 825 2286 opes,

355 2293 428 2351 colit
441 2293 491 2349 hic
505 2313 603 2368 reges,
618 2291 716 2348 calcet
730 2299 766 2348 ut
780 2311 885 2350 omnes

354 2373 523 2451 perdatque
538 2374 653 2450 aliquos
666 2372 846 2450 nullumque
860 2373 963 2444 levet3

354 2464 476 2514 tantum
490 2463 526 2513 ut
540 2462 660 2525 noceat,
675 2459 759 2530 cupit
774 2475 839 2512 esse
854 2464 972 2531 potens.

396 2536 499 2607 Quota
511 2555 580 2612 pars
595 2540 723 2593 moritur
737 2545 875 2613 tempore
890 2537 963 2594 fati!

356 2637 430 2695 quos
445 2617 550 2675 felices
565 2617 697 2694 Cynthia
711 2617 797 2688 vidit,

353 2699 431 2756 vidit
444 2704 570 2756 miseros
584 2707 675 2756 enata
688 2699 762 2756 dies.

354 2800 454 2836 rarum
468 2789 516 2837 est
529 2779 603 2836 felix
617 2780 760 2857 idemque
775 2800 876 2837 senex.

354 2880 477 2937 caespes
491 2861 581 2940 Tyrio
594 2861 713 2919 mollior
726 2870 808 2919 ostro

353 2941 432 3000 solet
446 2943 602 3018 inpavidos
616 2943 727 3001 ducere
742 2962 879 3011 somn0s;

264 3062 275 3093 1
291 3062 332 3112 ae.
347 3080 376 3113 so
388 3080 467 3129 many
479 3064 591 3129 dangers
603 3070 632 3113 to
644 3065 690 3114 the
706 3066 793 3178 kinffs
809 3065 856 3114 lise
873 3065 934 3113 lurk
952 3067 979 3113 in
997 3066 1043 3115 the
1060 3066 1138 3131 night

235 3128 297 3177 that
309 3129 330 3177 if
346 3130 380 3178 he
391 3132 511 3179 survives
522 3131 597 3179 these
609 3132 632 3180 it
643 3131 666 3179 is
677 3146 706 3179 as
718 3130 739 3216 if
775 3147 789 3179 e
806 3146 875 3179 were
887 3130 951 3180 born
964 3147 1039 3181 nnew
1050 3133 1078 3180 iu
1090 3132 1138 3181 the

234 3196 363 3259 morning.

235 3275 294 3335 236
