2538 3846
364 247 454 305 THE
480 246 719 305 TRAGEDIES
748 247 802 305 OF
831 246 993 305 SENECA

222 374 254 424 et
268 372 383 439 maesta
397 362 477 423 vitta
488 369 587 441 capita
601 371 752 442 purpurea
766 365 860 442 ligat3

221 468 283 504 non
298 456 366 504 tura
379 446 502 517 desunt,
516 467 578 504 non
593 467 677 505 sacer
691 446 802 504 Bacchi
816 447 915 523 liquor

221 537 413 605 tangensque
428 528 504 586 salsa
518 532 671 586 victimam
686 528 785 586 culter
798 527 886 586 mola.
958 538 980 569 ¹²
1015 554 1020 559 ·

221 618 359 668 servatur
372 614 469 667 omnis
484 610 566 681 crdo,
582 630 621 668 ne
636 618 757 675 tantum
771 608 857 668 nefas

221 711 284 749 non
298 696 356 749 rite
372 691 431 748 fiat.

1231 786 1233 837 i

432 918 509 990 Quis
523 939 647 976 manum
661 918 742 977 ferro
755 919 921 977 admovet?
1069 918 1127 986 690
1212 892 1214 896 V

619 831 733 870 CHORVS

610 1121 736 1162 uvurrvs
1237 1132 1238 1167 t

263 1213 332 1290 lpse
347 1221 394 1271 est
408 1208 556 1283 sacerdo'S,
570 1216 635 1288 ipse
649 1210 773 1270 funesti
784 1233 875 1290 prece

221 1292 314 1352 letale
328 1315 451 1352 carmen
465 1314 516 1352 ore
532 1294 666 1351 violento
680 1299 772 1364 canit,

222 1383 284 1434 stat
297 1380 362 1452 ipsc
376 1376 416 1433 ad
429 1396 504 1447 aras,
518 1380 582 1451 ipse
597 1375 723 1434 devotos
734 1380 803 1433 neci

222 1464 394 1514 contrectat
408 1466 441 1516 et
455 1461 609 1533 componit
625 1465 657 1515 et
671 1456 751 1514 ferro
765 1456 949 1525 admovet13

223 1538 359 1596 attendit
372 1537 563 1614 ipse—nulla
576 1558 645 1615 pars
659 1543 734 1596 sacri
748 1542 836 1616 perit.

223 1618 309 1677 lucus
322 1623 489 1691 tremescit,
503 1627 569 1677 tcta
585 1640 725 1678 succusso
742 1618 805 1678 solo

223 1705 344 1759 nutavit
357 1700 434 1773 aula,
449 1701 541 1759 dubia
555 1722 616 1780 quo
630 1702 749 1778 pondus
763 1700 852 1758 daret

223 1803 258 1840 ac
273 1782 432 1841 fluctuanti
446 1783 551 1841 similis
564 1803 571 1852 ;
593 1804 610 1841 e
624 1782 711 1841 laevo
724 1781 851 1840 aethere

223 1858 323 1922 atrurii
337 1869 470 1924 cucurrit
480 1856 612 1923 ii'mitcm
628 1865 710 1923 sidus
724 1863 858 1922 trahens.

223 1946 318 2004 libata
331 1951 363 2004 in
377 1952 464 2024 ignes
480 1951 549 2004 vina
561 1954 680 2004 mutato
695 1945 793 2004 fluunt

224 2036 350 2086 cruenta
364 2028 493 2099 Baccho,
508 2033 625 2104 regium
640 2032 733 2103 capiti
746 2027 840 2086 decus

224 2111 271 2167 bis
286 2118 394 2186 terque
408 2108 526 2183 lapsum
542 2116 598 2178 est,
613 2107 696 2164 flevit
711 2112 742 2163 in
757 2107 880 2183 templis
895 2109 978 2166 ebur.

267 2190 391 2246 Movere
406 2197 532 2246 cunctos
546 2195 690 2257 monstra,
705 2187 760 2244 sed
775 2187 855 2245 solus
869 2189 926 2246 sibi

225 2275 369 2327 immotus
383 2269 496 2327 Atreus
511 2276 631 2327 constat
645 2276 737 2345 atque
753 2268 833 2326 ultro
847 2269 920 2327 deos

224 2359 323 2409 terret
336 2356 497 2409 minantes,
540 2355 661 2427 iamque
676 2346 797 2408 dimiss‘a
812 2371 894 2408 mora

225 2432 346 2490 adsistit
360 2438 427 2504 ariS,
442 2442 560 2490 torvum
577 2440 609 2490 et
623 2432 780 2510 obliquum
794 2436 926 2490 intuens.

226 2518 328 2571 ieiuna
341 2514 423 2573 silvis
438 2514 534 2591 qualis
549 2518 582 2571 iu
596 2514 774 2591 Gangeticis
806 2562 809 2568 ,

226 2599 308 2653 inter
322 2600 465 2654 iuvencos
479 2600 566 2672 tigris
581 2600 692 2653 erravit
705 2595 792 2667 dum,

228 2680 387 2755 utriusque
401 2677 532 2754 praedae
547 2677 657 2753 cupida
671 2697 731 2754 quo
745 2682 876 2753 primum
890 2675 970 2732 ferat

227 2763 344 2815 incerta
357 2778 473 2816 morsus
487 2757 597 2838 (flectit
610 2758 670 2816 huc
684 2763 778 2817 rictus
792 2778 870 2830 sum,
938 2774 998 2820 rm*
1075 2760 1133 2818 710

226 2839 279 2896 illo
294 2840 425 2898 reflectit
438 2848 471 2898 et
484 2841 597 2898 famem
611 2840 734 2898 dubiam
744 2838 856 2919 tenet),

228 2925 271 2978 sic
286 2920 379 2979 durus
393 2921 506 2981 Atreus
521 2926 620 2999 capita
634 2922 745 2980 devota
758 2925 869 2997 impiae

229 3003 403 3079 speculatur
417 3007 487 3061 irae.
530 3024 621 3082 quem
636 3008 718 3080 prius
732 3011 848 3060 mactet
861 3003 918 3060 sibi

263 3135 271 3165 ¹
293 3135 345 3185 The
350 3136 407 3200 full
411 3136 486 3200 form
498 3138 587 3201 ostiis
599 3135 723 3187 technical
731 3135 829 3199 phrase
841 3135 863 3185 ia
874 3151 931 3186 seca
942 3135 971 3184 iu
981 3134 1032 3184 liae
1044 3139 1099 3184 690.

234 3225 290 3278 148
