2544 3862
361 240 450 298 THE
477 238 717 298 TRAGEDIES
745 239 800 298 OF
828 239 989 303 SENECA

219 358 348 417 auderet
361 376 456 427 acres,
468 356 609 414 fluctibus
623 363 722 413 tectos
735 359 820 432 gravi

219 439 381 498 extrahere
396 442 494 514 pisces
507 444 574 497 rete
588 436 637 495 vel
652 436 766 498 calamo
779 437 850 508 levi,

219 521 363 597 decipere
377 517 534 579 volucres¹

220 611 329 663 tenere
342 600 461 678 laqueo,
475 619 615 678 premere
629 601 781 657 subiectos
791 601 863 675 iugo

220 692 323 742 tauros
337 682 464 753 feroceS,
477 701 598 740 vomere
608 686 775 739 immunem
788 685 871 757 prius

220 764 337 823 sulcare
350 771 474 835 terram,
487 763 568 821 laesa
581 782 658 840 quae
673 763 775 839 fruges
790 782 857 820 suas

221 849 349 903 interius
362 844 424 902 alte
439 844 577 904 condidit
589 864 673 902 sacro
683 848 759 901 sinu.

221 927 276 985 sed
290 931 322 983 in
336 930 470 1003 parentis
483 930 598 985 viscera
610 930 736 985 intravit
749 944 820 987 suae

222 1008 356 1067 deterior
369 1015 472 1076 aetas;
493 1012 574 1067 eruit
586 1007 701 1065 sermm
714 1026 806 1084 grave

221 1109 400 1167 eurumque,
413 1109 516 1148 saevas
528 1109 600 1146 mox
613 1097 646 1147 et
658 1092 786 1146 armavit
798 1106 922 1156 manus3

222 1175 334 1250 partita
348 1171 423 1231 fines
437 1191 532 1248 regna
546 1174 714 1242 constituit,
728 1190 821 1228 noves

222 1258 358 1313 extruxit
372 1254 472 1324 urbes,
486 1260 569 1310 tecta
583 1252 725 1311 defendit
737 1272 800 1322 sua,

221 1335 321 1393 aliena
334 1334 405 1393 telis
419 1342 473 1392 aut
488 1339 568 1410 petit
581 1334 711 1410 praedae
725 1336 895 1391 imminens·

222 1415 365 1492 neglecta
378 1424 475 1473 terras
488 1414 569 1491 fugit
583 1423 615 1472 et
628 1434 727 1473 mores
741 1413 820 1472 feros

213 1496 379 1562 ‚hominum
394 1503 427 1554 et
441 1502 567 1555 cruenta
581 1495 674 1553 caede
687 1494 819 1573 pollutas
832 1512 939 1554 manus

224 1577 351 1635 Astraea
364 1580 460 1654 virgo,
473 1576 605 1634 siderum
618 1596 764 1652 magnum
777 1575 879 1635 decus.

222 1657 333 1735 cupido
346 1657 420 1716 belli
434 1661 530 1716 crevit
542 1665 635 1735 atque
648 1662 713 1715 auri
726 1657 821 1716 fames

222 1748 323 1800 totum
338 1759 393 1817 per
407 1741 522 1812 orbem,
536 1744 700 1797 maximum
715 1747 854 1825 exortum
869 1748 917 1799 est
930 1740 1043 1799 malum

222 1822 350 1894 luxuria,
365 1826 460 1899 pestis
474 1822 596 1894 blanda,
610 1826 658 1879 cui
673 1826 750 1880 vires
764 1821 851 1880 dedit

221 1905 373 1981 roburque
387 1904 513 1982 longum
525 1911 646 1980 tempus
659 1911 752 1981 atque
766 1923 849 1962 error
861 1907 968 1981 gravis.

223 1985 352 2043 collecta
366 1990 440 2044 vitia
453 2002 509 2062 per
521 1993 569 2044 tot
582 1994 700 2044 aetates
714 1985 766 2044 diu
1065 1992 1125 2047 430

222 2070 255 2123 in
268 2085 325 2123 nos
337 2066 534 2134 redundant;
552 2067 673 2125 saeculo
689 2070 854 2142 premimur
869 2072 965 2144 gravi,

222 2167 283 2224 quo
296 2147 411 2204 scelera
425 2154 566 2223 regnant,
580 2151 676 2205 saevit
689 2151 830 2224 impietas
848 2148 963 2222 furens,

222 2232 305 2304 turpi
318 2226 413 2285 libido
426 2227 547 2287 Venere
560 2227 734 2287 dominatur
747 2237 868 2306 potens,

222 2308 340 2367 luxuria
354 2313 462 2368 victrix
476 2311 556 2367 orbis
570 2314 731 2369 immensas
745 2331 818 2389 opes

222 2394 282 2448 iam
297 2390 415 2468 pridem
429 2394 525 2449 avaris
538 2394 686 2464 manibus,
700 2401 737 2451 ut
750 2392 869 2469 perdat,
883 2397 971 2472 rapit.

263 2471 325 2531 Sed
339 2493 421 2544 ecce,
435 2493 539 2550 gressu
554 2473 650 2531 fertur
663 2479 795 2532 attonito
810 2475 892 2533 Nero

222 2558 360 2632 trucique
375 2554 469 2613 vultu.
512 2554 586 2631 quid
600 2554 679 2614 ferat
691 2565 797 2614 mente
811 2556 927 2615 horre0.

627 2790 706 2828 uuno

263 2875 379 2952 Perage
392 2878 558 2953 imperata3
579 2881 680 2950 mitte,
694 2883 746 2956 qui
761 2880 861 2939 Plauti
874 2880 949 2938 mihi

221 2955 384 3033 Sullaeque
399 2962 478 3017 caesi
490 2957 603 3018 referat
616 2961 766 3021 abscisum
779 2969 879 3038 caput

220 3062 263 3178 &²
270 3063 334 3178 Θξω
355 3064 663 3134 conjecturarumque,
684 3068 739 3117 ard
760 3075 871 3132 suffecere
893 3067 1042 3119 <turbidos
1059 3068 1121 3122 forti

251 3145 269 3177 n
304 3146 337 3182 >.

221 3218 281 3274 440
