2556 3844
367 292 455 350 THE
483 291 722 352 TRAGEDIES
751 291 805 350 OF
834 290 997 350 SENECA

470 407 546 480 Quis
559 428 675 466 memor
691 412 774 467 vivet
791 412 847 480 tui,

227 524 246 563 o
259 512 341 575 nate,
353 503 499 580 populus?
526 522 616 560 omne
630 507 690 559 iam
703 507 857 579 ingratum
868 510 916 561 est
926 522 1032 580 genus,
1053 509 1130 561 1810

227 605 330 675 petam
344 597 494 654 Cleonas?
537 596 689 654 Arcadum
703 596 830 673 populos
843 605 948 674 petam

227 695 404 769 meritisque
417 698 513 749 terras
527 690 644 749 nobiles
658 710 801 769 quaeram
815 694 900 749 tuis?

227 786 276 844 hic
291 786 356 843 dira
370 805 494 862 serpens
508 786 628 857 cecidit,
643 785 692 843 hie
707 787 769 844 ales
784 786 859 858 fera,

227 880 277 938 hic
291 900 344 938 rex
359 887 512 951 cruentuS,
527 879 576 936 hic
590 887 644 937 tua
658 880 771 939 fractus
785 901 879 938 manu

228 978 326 1052 quite
341 973 461 1050 sepulto
474 972 610 1050 possidet
623 974 741 1031 eaelum
756 974 813 1030 leo.

228 1073 253 1127 si
267 1075 354 1146 grata
366 1076 448 1126 terra
462 1075 519 1138 est,
533 1066 662 1142 populus
677 1066 847 1124 Alcmenen
861 1073 949 1123 tuam

228 1161 376 1221 defendat
390 1164 494 1218 omnis.
538 1158 679 1217 Thracias
693 1167 803 1236 gentes
823 1168 928 1236 petam

230 1257 389 1332 Hebrique
404 1251 553 1329 populos?
594 1251 670 1310 haec
684 1273 804 1332 quoque
819 1262 867 1312 est
880 1256 995 1312 meritis
1010 1242 1071 1311 tuis

228 1348 356 1407 defensa
369 1347 460 1405 tellus
472 1365 480 1415 ;
502 1346 620 1404 stabula
634 1367 704 1404 cum
718 1367 813 1424 regno
827 1352 951 1406 iacent

228 1442 278 1500 hic
292 1462 351 1518 pax
365 1448 492 1498 cruento
506 1460 579 1517 rege
593 1450 744 1517 prostrato
758 1442 830 1499 data
844 1449 892 1500 est
903 1461 912 1511 3
1052 1448 1129 1500 1820

229 1536 281 1594 ubi
296 1538 378 1592 enim
392 1541 505 1610 negata
519 1535 588 1591 est?

588 1628 679 1701 Quod
693 1630 749 1686 tibi
763 1627 871 1686 infelix
884 1648 961 1687 anus

229 1743 371 1802 quaeram
385 1721 604 1799 sepulchrum?
645 1721 685 1780 de
699 1727 760 1780 tuis
774 1730 858 1780 totus
872 1725 952 1800 rogis

230 1816 398 1875 contendat
412 1817 500 1874 orbis.
543 1816 684 1894 reliquias
698 1820 802 1893 magni
816 1816 960 1875 Herculis

230 1917 296 1991 quis
310 1911 440 1988 populus
454 1918 508 1969 aut
522 1930 599 1988 quae
613 1911 738 1987 templa,
753 1930 830 1988 quae
844 1918 954 1988 gentes
968 1911 1101 1988 rogant?

230 2010 307 2083 quis,
321 2009 388 2082 quis
402 2008 492 2082 petit,
506 2009 573 2082 quis
587 2009 684 2080 poscit
698 2004 861 2063 Alcmenes
876 2007 972 2063 onus?

230 2117 307 2175 quae
322 2098 380 2155 tibi
394 2097 563 2173 sepulchra,
578 2105 661 2169 nate,
675 2102 742 2175 quis
755 2098 890 2156 tumulus
905 2106 951 2156 sat
966 2100 1037 2157 est?

231 2190 280 2248 hic
294 2197 378 2249 totus
391 2191 489 2259 orbis;
510 2189 590 2247 fama
604 2195 662 2249 erit
675 2191 784 2249 titulus
797 2193 862 2250 tibi.

231 2284 314 2361 quid,
328 2288 439 2355 anime,
453 2284 609 2361 trepidas?
651 2285 794 2344 Herculis
808 2290 924 2343 cineres
938 2293 1045 2353 tenes3

231 2378 435 2453 complectere
450 2397 534 2447 ossa;
554 2378 700 2457 reliquiae
714 2378 858 2437 auxilium
872 2378 999 2450 dabunt,

232 2478 323 2529 erunt
337 2475 410 2528 satis
423 2470 582 2548 praesidia,
596 2473 758 2530 terrebunt
771 2478 843 2530 tuae
1059 2477 1135 2530 1830

231 2582 320 2640 reges
334 2563 383 2622 vel
397 2565 529 2622 umbrae.

627 2715 738 2754 m'Ltvs

536 2803 663 2861 Debitos
677 2812 750 2861 nato
769 2802 893 2881 quidem

233 2917 391 2974 compesce
406 2897 504 2969 fletus
519 2904 617 2955 mater
632 2897 758 2955 Alcidae
773 2897 889 2955 incluti.

233 3011 295 3048 non
310 2999 358 3049 est
371 2991 541 3068 gemendus
554 3011 612 3049 nec
626 2996 710 3067 gravi
723 2991 878 3067 urgendus
893 3010 994 3067 prece,

397 3169 405 3201 ¹
423 3170 518 3221 Lema.
616 3168 627 3199 ²
643 3169 699 3220 The
711 3167 898 3235 Stymphalian
909 3168 977 3219 hira

236 3260 293 3310 328
