2538 3846
387 310 476 367 THE
504 309 744 369 TRAGEDIES
773 309 828 368 OF
856 308 1017 369 SENECA

623 462 781 501 Asffls'fflvs

291 559 467 618 Furibunda
481 564 576 637 virgo,
590 564 670 618 vocis
684 559 827 618 infandae
842 579 949 617 sonum

248 665 281 715 et
295 678 367 715 aure
381 659 473 717 verba
487 658 613 735 indigna
626 666 763 716 materna
777 662 922 735 opprime.

639 843 768 882 uLuc‘rRA

292 939 394 998 Etiam
408 942 547 999 monebit
561 940 682 998 sceleris
697 939 815 998 infandi
831 941 952 1013 artifex,

251 1057 306 1114 per
319 1037 433 1096 scelera
448 1046 546 1109 natus,
562 1057 673 1095 nomen
687 1040 863 1115 ambiguum
882 1042 952 1108 suis,

251 1135 333 1193 idem
348 1140 455 1194 sororis
469 1144 558 1194 natus
573 1145 605 1194 et
618 1140 712 1213 patris
727 1138 844 1213 nepos?

577 1331 830 1372 CLYTAEMNESTRA

289 1430 449 1506 Aegisthe‚
463 1450 560 1488 cessas
576 1433 702 1506 impium
717 1429 797 1488 ferro
812 1437 904 1506 caput

248 1528 427 1586 demetere?
468 1527 593 1585 fratrem
605 1527 714 1586 reddat
727 1537 781 1587 aut
795 1532 925 1584 animam
940 1531 1052 1586 statim.

621 1721 780 1761 AsolsTHvs

290 1818 438 1876 Abstrusa
452 1836 542 1874 caeco
556 1837 675 1877 carcere
690 1827 723 1876 et
737 1839 808 1876 saxo
823 1822 926 1895 exigat

248 1935 366 1987 aevum,
382 1924 414 1973 et
428 1935 483 1993 per
497 1935 602 1974 omnes
616 1924 698 1974 torta
712 1936 877 1993 poenarum
887 1916 992 1974 modos

248 2013 362 2072 referre
376 2034 468 2091 quem
482 2033 564 2071 nunc
578 2014 690 2072 occulit
704 2014 805 2072 forsan
818 2014 908 2074 volet.
1100 2023 1169 2083 990

249 2114 337 2186 inops
351 2129 447 2186 egens
461 2109 587 2182 inclusa,
600 2109 732 2186 paedore
746 2112 863 2182 obruta,

249 2207 340 2265 vidua
354 2215 427 2265 ante
442 2207 601 2279 thalamos,
616 2208 697 2278 exul,
711 2213 807 2266 invisa
820 2211 959 2267 omnibus

249 2305 374 2364 aethere
388 2314 501 2384 negato
514 2326 582 2364 sero
596 2308 777 2366 subcumbet
789 2307 883 2365 malis.

639 2484 769 2523 uuucrus

292 2545 432 2604 Concede
447 2554 585 2604 mortem.

624 2708 783 2747 AEGISTHVS

587 2804 619 2863 Si
633 2825 796 2876 recusares,
812 2805 923 2864 darem.

252 2903 333 2961 rudis
348 2911 396 2961 est
410 2911 557 2980 tyrannus
572 2910 736 2983 mortequi
751 2925 881 2981 poenam
896 2909 998 2982 exigit.

640 3088 770 3126 ELECTRA

293 3185 424 3241 Mortem
438 3184 552 3262 aliquid
567 3186 646 3243 ultra
661 3188 728 3243 est?

254 3287 291 3337 84
