2538 3846
368 272 457 331 THE
484 272 723 333 TRAGEDIES
748 275 806 349 oF
834 273 995 334 SENECA

224 386 301 445 libet
314 387 428 457 videre,
443 392 542 464 capita
556 396 696 446 natorum
710 393 833 447 intuens

225 504 299 562 quos
313 485 368 542 det
382 485 506 556 colores,
521 487 612 544 verba
626 506 704 563 quae
719 491 832 563 primus
847 487 933 545 dolor

224 583 361 640 effundat
374 591 427 639 aut
441 591 476 640 ut
490 587 596 660 spiritu
612 584 738 661 expulso
752 593 878 661 stupens

224 700 331 758 corpus
345 684 483 757 rigescat.
526 681 643 740 fructus
658 682 707 739 bic
722 686 821 759 operis
834 686 896 740 mei
910 692 967 747 est?

223 782 367 836 miserum
382 778 484 836 videre
499 780 580 852 nolo,
594 781 649 838 sed
663 780 736 839 dum
751 780 785 839 fit
798 785 897 840 miser.

265 877 382 954 Aperta
394 877 492 935 multa
505 885 590 936 tecta
603 879 767 937 conlucent
780 879 855 937 face.

223 979 382 1052 resupinus
396 980 461 1052 ipse
474 997 625 1053 purpurae
639 985 731 1054 atque
746 996 818 1034 auro
832 979 965 1048 incubat,

224 1076 294 1130 vino
307 1081 465 1150 gravatum
479 1073 608 1131 fulciens
622 1074 708 1132 laeva
722 1082 822 1150 caput.
1070 1080 1129 1141 910

224 1179 350 1229 eructat.
394 1192 412 1229 o
426 1192 476 1229 me
491 1171 634 1230 caelitum
649 1172 896 1244 excelsissimum,

222 1290 330 1348 regum
344 1279 436 1348 atque
451 1271 572 1347 regem!
614 1278 685 1328 vota
698 1270 874 1329 transcendi
887 1291 963 1328 mea.

223 1378 307 1427 satur
321 1378 378 1440 est,
392 1374 494 1446 capaci
509 1369 593 1427 ducit
607 1378 735 1446 argento
749 1388 909 1426 merum-

224 1486 264 1524 ne
278 1487 368 1542 parce
382 1474 476 1543 potu3
496 1474 593 1524 restat
607 1471 783 1525 etiamnunc
797 1486 885 1524 cruor

224 1546 272 1623 tot
286 1564 451 1623 hostiarum
464 1585 471 1634 ;
492 1569 603 1623 veteris
617 1565 700 1622 hunc
715 1564 826 1622 Bacchi
845 1563 926 1622 color

224 1662 399 1720 abscondet.
441 1662 508 1734 hoc,
523 1662 582 1720 hoc
595 1683 701 1721 mensa
715 1663 855 1721 cludatur
869 1663 991 1740 scypho.

224 1765 354 1819 mixtum
369 1780 490 1819 suorum
504 1766 684 1838 sanguinem
698 1765 821 1839 genitor
834 1761 939 1819 bibat:

224 1880 326 1918 meum
341 1861 475 1919 bibisset.
520 1880 601 1933 ecce,
616 1865 676 1917 iam
690 1867 797 1917 cantus
812 1864 873 1918 ciet

224 1957 378 2037 festasque
392 1979 481 2017 voces
495 1979 553 2017 nec
568 1963 640 2018 satis
654 1963 752 2017 menti
766 1942 905 2037 imperat.

548 2236 551 2241 ⁴
603 2215 753 2275 russatus

387 2341 514 2399 Pectora
528 2341 626 2418 longis
640 2341 786 2400 hebetata
799 2343 897 2413 malis,
1070 2350 1129 2412 920

345 2445 405 2497 iam
420 2439 563 2498 sollicitas
578 2445 682 2518 ponite
697 2461 790 2499 curas.

346 2537 444 2614 fugiat
457 2559 574 2596 maeror
588 2538 745 2617 fugiatque
760 2559 861 2616 pavor,

346 2635 445 2714 fugiat
458 2638 571 2715 trepidi
586 2658 687 2697 comes
701 2639 783 2696 exilii

346 2738 441 2792 tristis
455 2745 574 2813 egestas
588 2737 739 2815 rebusque
753 2741 852 2814 gravis

346 2832 444 2907 pudor
457 2834 590 2904 afflictis;
610 2840 706 2913 magis
720 2835 803 2893 unde
818 2834 907 2892 cadas

346 2950 437 3007 quam
451 2952 511 3009 quo
525 2932 627 2992 refert.
670 2953 825 3010 magnum,
841 2954 879 2992 ex
894 2933 958 2991 alto

347 3029 478 3088 culmine
491 3031 608 3108 lapsum
623 3031 762 3089 stabilem
777 3035 809 3088 in
823 3032 915 3109 plano

347 3126 439 3204 figere
454 3149 589 3206 gressum
601 3149 608 3199 ;
629 3149 784 3206 magnum,
798 3134 919 3208 ingenti
