2544 3862
367 314 456 372 THE
483 313 722 372 TRAGEDIES
751 314 806 372 OF
834 312 995 371 SENECA

268 430 345 502 Quis
359 434 419 488 iam
433 431 569 501 deorum,
583 430 663 487 velle
677 428 734 500 fao,
749 433 910 506 quicquam
924 437 1027 504 potest
1071 435 1131 485 200

209 514 211 519 ’
227 526 314 584 malis
327 529 389 582 tuis
403 524 544 582 adicere?
585 528 646 580 iam
660 543 717 581 nec
731 530 766 580 tu
780 531 869 600 potes

227 624 285 678 nisi
299 620 367 690 hoo,
382 628 417 676 ut
431 638 496 676 esse
510 626 542 675 te
557 626 647 694 putes
661 618 789 693 dignum
800 637 884 674 nece.

227 734 289 772 non
304 733 336 770 es
350 732 408 770 nec
423 711 484 769 ulla
497 720 605 788 pectus
618 712 677 769 hoc
692 711 780 788 culpa
793 715 905 789 attigit.

228 815 261 865 et
274 807 332 863 hoc
346 809 442 882 magis
456 813 498 876 te,
512 810 644 883 genitor,
658 810 812 864 insontem
826 825 909 876 voca,

227 901 309 978 quod
323 904 469 958 innocens
484 920 516 957 es
530 900 577 957 dis
591 919 711 977 quoque
726 903 837 957 invitis.
879 900 954 976 quid
968 907 1016 957 est

228 995 310 1072 quod
326 1003 357 1052 te
372 994 514 1065 efferarit,
527 993 609 1071 quod
623 1013 716 1051 novos
730 994 876 1051 suffixerit

196 1112 202 1126 ·
229 1089 367 1147 stimulos
381 1088 501 1146 dolori?
542 1088 616 1165 quid
631 1096 663 1145 te
678 1092 710 1144 in
724 1087 858 1145 infernas
872 1092 937 1164 agit

228 1183 326 1254 sedes,
340 1182 414 1259 quid
428 1202 466 1239 ex
480 1182 527 1239 his
541 1180 653 1257 pellit?
694 1189 729 1239 ut
743 1201 844 1239 careus
858 1181 929 1239 die?

229 1298 320 1335 cares.
364 1286 399 1335 ut
413 1277 482 1334 aitis
496 1277 631 1334 nobilem
644 1281 738 1334 muris
753 1276 876 1334 domum

228 1377 418 1449 patriamque
432 1371 554 1448 fugias?
596 1375 694 1448 patria
708 1372 765 1428 tibi
780 1376 847 1427 vivo
861 1374 949 1447 perit.
1074 1377 1134 1427 210

229 1475 316 1524 natos
330 1466 411 1541 fugis
424 1467 636 1542 matremque?
678 1467 716 1523 ab
730 1473 856 1541 aspectu
869 1469 1004 1522 omnium

229 1560 398 1617 fortunate
412 1563 585 1629 summovit,
600 1567 633 1616 et
647 1558 794 1636 quidquid
809 1567 912 1635 potest

229 1651 349 1709 auferre
363 1656 503 1729 cuiquam
517 1671 606 1723 morS,
617 1654 674 1710 tibi
688 1652 746 1710 hoc
760 1657 823 1710 vita
835 1653 970 1712 abstulit

230 1751 317 1823 regni
331 1746 503 1804 tumultus?
545 1749 634 1805 turba
647 1746 787 1806 fortunae
801 1751 883 1823 prior

217 1842 375 1919 ⁸abscessit
388 1861 406 1897 a
419 1849 452 1899 te
467 1845 688 1921 iussa—quem,
703 1846 834 1919 genitor,
849 1841 952 1919 fugis?

623 2074 745 2111 oumrvs

273 2160 325 2215 Me
340 2158 434 2235 fugio,
449 2159 534 2235 fugio
548 2164 701 2217 conscium
715 2161 864 2218 scelerum
878 2164 1013 2217 omnium

231 2260 349 2331 pectus,
363 2273 547 2331 manumque
562 2254 640 2311 hanc
654 2254 738 2332 fugio
753 2263 786 2313 et
799 2254 857 2313 hoe
872 2254 989 2311 caelum
1000 2261 1033 2311 ei
1043 2253 1136 2325 deos;
1156 2308 1160 2315 .

232 2355 265 2405 et
279 2347 344 2404 dira
357 2346 442 2423 fugio
456 2349 570 2405 scelera
584 2368 661 2427 quae
674 2348 735 2406 feci
748 2347 915 2407 innocens.¹
1026 2416 1031 2425 ⁰

232 2465 290 2522 ego
306 2445 363 2502 hoc
377 2444 484 2517 solum,
499 2444 645 2522 frugifera
658 2466 718 2523 quo
733 2451 830 2523 surgit
845 2446 946 2517 CereS,

231 2540 360 2616 premo?
403 2539 455 2597 has
470 2559 528 2615 ego
542 2559 629 2597 auras
643 2560 694 2598 ore
710 2541 856 2617 pestifero
870 2540 980 2598 traho?
1077 2546 1136 2595 220

232 2654 291 2710 ego
304 2634 402 2690 laticis
416 2632 524 2690 haustu
540 2637 632 2691 satior
645 2643 699 2692 aui
713 2635 775 2691 ullo
789 2635 872 2692 fruor

232 2726 329 2783 almae
343 2730 479 2801 parentis
491 2729 642 2784 munere?
683 2748 742 2805 ego
755 2737 869 2786 castam
882 2747 1006 2787 manum

232 2819 383 2877 nefandus
396 2820 579 2879 incestificus
594 2822 785 2880 exsecrabilis

231 2915 385 2972 attrecto?
426 2933 484 2991 ego
498 2914 577 2973 ullus
590 2936 663 2973 aure
677 2920 814 2992 concipio
828 2936 926 2987 sonos,

232 3028 288 3085 per
301 3028 376 3085 quos
390 3013 525 3086 parentis
539 3029 652 3068 nomen
665 3019 719 3068 aut
733 3015 798 3068 nati
812 3012 954 3069 audiam?

233 3106 350 3160 utinam
364 3103 489 3179 quidem
502 3104 676 3162 rescindere
691 3103 745 3162 has
759 3108 877 3181 quirem
891 3108 953 3161 vias

510 3209 520 3239 ²
538 3210 590 3259 Leo
601 3210 692 3260 deletes
702 3209 753 3259 this
764 3210 822 3262 lino.
862 3253 866 3260 .

235 3272 293 3332 360
