2544 3840
364 336 452 394 THE
480 336 720 397 TRAGEDIES
748 338 803 397 OF
830 286 991 399 stEcA

283 451 411 511 Parthus
426 452 577 511 Cnosiacis
590 457 701 511 certior
714 456 833 513 ictibus.

281 553 382 591 muros
397 532 562 592 Oechaliae
576 554 701 611 corpore
715 536 860 613 propulit,

282 614 325 672 nil
339 615 459 673 obstare
473 615 555 674 valet
567 635 575 684 ;
595 619 718 674 vincere
732 618 813 694 quod
828 628 914 694 parat

282 700 342 753 iam
356 699 470 753 victum
484 705 539 755 est.
582 706 676 774 quota
689 718 757 774 pars
771 699 897 758 vulnere
912 702 1066 760 concidit!

282 796 337 854 pro
351 775 415 835 fato
428 782 529 854 patuit
542 778 644 836 vultus
658 782 789 857 iniquior

283 865 316 916 et
329 859 439 916 vidisse
453 867 500 917 sat
514 867 562 917 est
577 860 745 918 Herculeas
759 866 863 919 minas.

282 944 349 1017 quis
363 948 464 998 vastus
478 940 626 1011 BriareuS,
640 945 707 1018 quis
721 943 856 1001 tumidus
872 943 963 1021 Gyas,

282 1041 372 1099 supra
385 1020 592 1103 Thessalicum
606 1043 675 1080 cum
689 1027 778 1081 stetit
790 1044 936 1101 aggerem

282 1103 426 1180 caeloque
440 1107 569 1162 inseruit
580 1108 716 1180 vipereas
731 1125 847 1177 manus,

281 1184 339 1242 hoc
353 1184 439 1242 vultu
453 1186 568 1262 riguit?
610 1186 768 1243 commoda
781 1186 917 1245 cladibus
1070 1182 1126 1250 17'0

282 1270 399 1343 magnis
413 1286 525 1343 magna
537 1274 664 1343 patent:
686 1267 729 1323 nil
744 1277 884 1345 superest
898 1270 1011 1327 mali—

281 1351 392 1405 iratum
406 1352 533 1406 miserae
547 1347 677 1406 vidimus
692 1348 870 1408 Herculem.

641 1575 707 1613 101AE

384 1679 428 1736 At
441 1698 499 1755 ego
513 1677 620 1736 infelix
634 1698 696 1736 non
710 1679 827 1756 templa
841 1685 902 1738 suis
944 1712 947 1719 ι

345 1760 485 1838 conlapsa
498 1759 563 1818 deis
578 1780 732 1837 sparsosve
747 1759 840 1832 focos,

344 1846 423 1900 natis
436 1845 547 1900 mixtos
561 1846 667 1900 arsisse
681 1850 784 1919 patres

344 1923 519 2001 hominique
533 1923 616 1995 deos,
631 1923 747 2001 templa
761 1923 938 2000 sepulchris,

345 2005 462 2063 nullum
476 2008 630 2082 querimur
644 2024 804 2062 commune
819 2006 951 2075 malum;

343 2086 403 2143 alio
416 2094 533 2144 nostras
546 2085 669 2143 fortuna
682 2094 770 2144 vocat

344 2167 490 2237 lacrimas,
504 2166 577 2223 alias
591 2166 664 2224 flere
678 2171 779 2224 ruinas

288 2252 293 2263 '
343 2267 393 2307 me
407 2246 599 2305 fataiubent.
636 2268 713 2325 quae
727 2252 824 2325 prima
838 2252 967 2327 querar?
1072 2258 1127 2310 180

344 2349 422 2407 quae
436 2349 551 2386 summa
565 2330 709 2406 gemam?
750 2335 864 2406 pariter
877 2341 987 2390 cuncta

345 2410 457 2469 deflere
472 2410 620 2468 iurat—1
635 2431 695 2489 nec
707 2411 793 2488 plura
808 2413 895 2472 dedit

345 2500 468 2570 pectora
482 2492 595 2565 Tellus,
610 2501 645 2551 ut
659 2493 753 2570 digna
766 2503 877 2553 sonent

346 2574 471 2631 verbera
484 2572 564 2632 fatis.

388 2654 440 2712 Me
457 2655 505 2713 vel
522 2654 660 2733 Sipylum
674 2656 775 2716 flebile
789 2677 894 2716 saxum

345 2736 463 2813 fingite,
477 2741 588 2813 superi,
602 2738 651 2795 vel
665 2741 697 2795 in
712 2738 837 2795 Eridani

345 2820 451 2894 ponite
465 2822 547 2895 ripis,
560 2820 613 2876 ubi
626 2827 742 2876 maesta
759 2827 847 2877 sonat

349 2898 604 2957 Phaetontiadum
618 2898 692 2957 silva
706 2919 858 2969 sororum;

257 3086 266 3117 ¹
284 3086 364 3151 After
380 3088 455 3136 iuvat
471 3087 507 3136 D.
522 3083 648 3136 Heinsius
663 3085 811 3149 recopnized
821 3105 839 3137 a
850 3087 954 3150 laeuum
970 3087 1052 3139 which
1066 3089 1128 3138 Gro-

225 3153 316 3284 pppppg
332 3153 440 3269 tempti
462 3150 555 3206 should
577 3152 604 3201 be
620 3151 697 3219 filled
715 3168 746 3201 aa
761 3152 865 3220 follows
873 3170 882 3204 .·
904 3170 951 3208 cur
969 3170 1022 3208 non
1040 3154 1130 3209 oeulos
1194 3210 1199 3218 ,

230 3308 285 3372 198
