2556 3844
373 302 463 361 THE
490 302 730 361 TRAGEDlES
759 302 814 360 OF
842 301 1004 359 SENECA

235 438 274 477 en
289 423 415 488 cernite,
429 419 531 490 urbes,
544 422 662 475 cernite
676 437 714 475 ex
729 417 781 474 illo
798 416 933 474 Hercule

234 520 307 598 quid
321 524 381 577 iam
394 523 534 596 supersit.
579 518 746 575 Herculem
760 522 907 595 agnoscis,
922 520 1030 594 pater?

234 619 322 677 hisne
336 638 394 695 ego
407 619 528 676 lacertis
543 616 620 675 eolla
634 617 781 674 Nemeaei
795 617 866 673 mali

235 717 308 776 elisa
322 718 437 794 pressi?
478 724 584 773 tensus
598 715 655 772 hac
670 735 755 773 arcus
770 735 862 772 manu

234 819 321 873 astris
335 815 374 871 ab
387 818 459 891 ipsis
473 812 586 871 detulit
601 813 848 891 Stymphalidas?

233 913 281 971 his
296 933 354 989 ego
368 917 493 970 citatam
507 912 659 989 gressibus
674 915 732 969 vici
745 911 842 968 feram

234 1010 372 1068 radiante
387 1010 501 1067 clarum
515 1009 616 1067 fronte
630 1017 805 1086 gestantem
822 1011 936 1085 caput?
957 1076 962 1088 ι

234 1108 281 1166 his
295 1108 391 1166 fracta
405 1107 498 1184 Calpe
513 1109 651 1166 manibus
666 1111 766 1166 emisit
780 1107 916 1166 fretum?
1062 1115 1140 1167 1240
1238 1148 1241 1154 -

234 1207 282 1264 his
296 1214 345 1265 tot
358 1207 450 1278 ferae,
465 1213 513 1264 tot
527 1206 650 1277 scelera,
665 1214 713 1264 tot
727 1225 816 1283 reges
830 1207 952 1263 iacent?

234 1305 282 1364 his
295 1305 428 1363 mundus
441 1309 553 1363 umeris
568 1305 672 1363 sedit?
713 1305 789 1363 haec
802 1305 898 1363 moles
913 1324 981 1362 mea
1000 1312 1057 1376 est,

234 1403 349 1461 haecne
364 1402 416 1459 illa
430 1407 531 1460 cervix
543 1403 555 1459 ?
596 1403 691 1461 hasne
707 1423 765 1480 ego
779 1406 904 1480 opposui
919 1422 1025 1461 manus

234 1500 318 1558 eaelo
332 1501 457 1559 ruenti?
498 1506 565 1578 quis
579 1521 648 1558 mea
662 1509 763 1559 custos
776 1521 868 1559 manu

233 1597 374 1657 trahetur
387 1599 467 1656 ultra
481 1597 628 1675 Stygius?
670 1598 722 1656 ubi
736 1602 815 1656 vires
830 1603 912 1675 prius

233 1705 349 1755 memet
362 1697 522 1773 sepultae?
563 1696 637 1773 quid
651 1704 769 1773 patrem
784 1697 905 1773 appello
920 1698 1047 1755 Iovem?

233 1795 307 1873 quid
321 1815 377 1873 per
390 1795 562 1853 Tonantem
577 1795 696 1853 vindico
711 1794 829 1853 eaelum
842 1797 955 1853 miser?

233 1898 302 1966 iam,
317 1899 378 1952 iam
390 1913 477 1952 meus
492 1893 634 1952 credetur
648 1893 854 1971 Amphitryon
868 1902 963 1971 pater.

274 1992 492 2070 Quaecumque
507 1997 601 2069 pestis
616 1996 730 2050 viscere
745 1997 776 2049 in
791 2001 894 2051 nostro
907 1993 994 2064 lateS,

232 2089 479 2167 procede-quid
493 2109 543 2147 me
557 2091 682 2149 vulnere
698 2091 817 2149 occulto
831 2094 933 2168 petis?
1061 2100 1138 2152 1250

232 2191 299 2264 quis
310 2194 343 2245 te
358 2187 414 2244 sub
428 2207 483 2244 axe
499 2186 610 2264 frigido
624 2195 736 2264 pontus
754 2188 893 2266 ScytheS,

232 2305 310 2363 quae
323 2289 410 2362 pigra
423 2285 541 2363 Tethys
555 2291 663 2362 genuit
677 2296 731 2345 aut
746 2288 887 2347 Maurum
901 2310 1042 2367 premens

234 2384 351 2441 Hibera
365 2382 457 2460 Calpe
472 2384 567 2442 litus?
609 2405 627 2442 o
642 2385 741 2444 dirum
760 2387 894 2446 malum!

231 2490 374 2540 utrumne
390 2501 515 2559 serpens
530 2482 701 2560 squalidum
715 2489 806 2543 crista
821 2495 912 2563 caput

231 2581 351 2638 vibrans
364 2601 403 2637 an
418 2581 540 2658 aliquod
554 2589 588 2639 et
602 2581 677 2639 mihi
691 2587 831 2661 ignotum
851 2586 974 2657 malum,

231 2677 379 2755 numquid
394 2698 499 2736 cruore
514 2699 547 2737 es
560 2685 666 2756 genita
682 2680 836 2740 Lernaeae
850 2681 933 2740 ferae

231 2797 271 2833 an
285 2784 318 2835 te
332 2776 455 2854 reliquit
470 2777 594 2854 Stygius
608 2783 640 2835 iu
654 2784 742 2837 terris
757 2781 862 2837 canis?

231 2894 321 2933 omne
336 2895 369 2933 es
382 2875 495 2933 malum
510 2875 797 2954 nullumque-quis
811 2877 911 2936 voltus
924 2879 982 2936 tibi
998 2883 1068 2939 est?

230 2973 365 3031 concede
380 2973 488 3030 saltem
503 2978 579 3031 scire
594 2993 654 3051 quo
668 2994 790 3050 peream
803 2976 891 3034 malo.

231 3090 439 3149 quaecumque
453 3076 548 3148 pestis
563 3077 625 3129 sive
640 3091 848 3151 quaecumque
864 3095 896 3133 es
910 3076 984 3147 fera,
1057 3077 1134 3138 1260

232 3276 291 3326 284
