2556 3844
377 308 467 366 THE
494 304 733 365 TRAGEDIES
763 305 818 365 OF
846 304 1007 364 SENECA

362 429 482 501 pervius
496 431 544 481 est
558 421 700 479 Acheron
710 416 774 478 ¹iam
787 421 949 498 languidus

362 514 395 563 et
409 524 543 563 remeare
557 503 630 561 licet
644 502 699 560 soli
713 503 771 560 tibi

362 607 419 644 nec
433 593 466 644 te
480 585 544 643 fata
557 592 668 642 tenent
682 592 750 660 post
765 583 895 641 funera?

362 688 401 724 an
415 668 471 724 tibi
486 666 649 743 praeclusit
664 666 775 723 Pluton
790 670 849 723 iter

363 757 396 806 et
410 748 535 825 pavidus
549 752 636 824 regni
650 751 761 806 metuit
776 748 854 805 sibi?

363 838 446 888 certe
462 836 520 905 eg'o
534 838 566 887 te
582 829 643 886 vidi
657 828 853 905 flagrantibus

363 916 538 987 impositum
551 910 641 981 silvis,
656 930 725 967 cum
738 910 884 986 plurimus

364 997 395 1049 in
410 992 527 1049 caelum
542 991 658 1049 fureret
672 991 808 1048 flammae
822 999 931 1049 metus,

364 1077 557 1131 arsisti-cur
571 1081 613 1145 te,
629 1093 682 1131 cur
695 1074 802 1131 ultima

363 1176 426 1213 non
439 1163 568 1213 tenuere
582 1162 650 1213 tuas
665 1155 784 1212 umbras
798 1154 887 1211 loca?
1069 1148 1146 1217 1960

365 1237 437 1315 quid
452 1241 582 1294 timuere
596 1241 642 1294 tui
655 1255 760 1293 manes
774 1236 904 1312 precor?

366 1319 473 1377 umbra
487 1337 607 1395 quoque
622 1337 654 1375 es
670 1317 736 1375 Diti
750 1321 839 1374 nimis
854 1315 995 1373 horrida?

622 1518 770 1556 Huucvuus

285 1634 355 1689 Non
369 1652 418 1689 me
433 1636 585 1708 gementis
600 1639 708 1707 stagna
722 1630 827 1707 Cocyti
841 1636 952 1687 tenent

244 1735 302 1772 nec
316 1717 426 1791 puppis
441 1713 561 1770 umbras
575 1712 661 1770 furva
674 1716 841 1770 transvexit
854 1730 937 1767 meas
950 1729 958 1778 ;

244 1801 305 1853 iam
319 1815 418 1872 parce,
433 1802 540 1866 mater,
555 1795 711 1871 questibus
723 1814 731 1861 ;
751 1812 856 1851 manes
871 1791 965 1850 semel

244 1879 425 1954 umbrasque
440 1876 509 1933 vidi.
554 1875 701 1953 quidquid
716 1879 747 1931 in
762 1876 848 1932 nobis
858 1877 904 1932 tui

244 1958 372 2017 mortale
387 1958 497 2028 fuerat,
511 1962 590 2035 ignis
605 1961 720 2015 evictus
733 1956 806 2014 tulit
818 1976 826 2025 ;

244 2049 372 2117 paterna
385 2039 478 2110 caelo,
493 2059 561 2115 pars
576 2038 647 2095 data
662 2046 709 2095 est
723 2038 848 2094 flammis
863 2044 923 2094 tua.

245 2121 372 2197 proinde
386 2120 527 2196 planctus
540 2139 630 2195 pone,
644 2139 719 2196 quos
732 2126 805 2176 nato
818 2126 906 2194 paret

245 2206 386 2278 genetrix
400 2205 500 2258 inerti.
544 2200 644 2258 luctus
658 2205 690 2256 in
704 2208 810 2276 turpes
824 2209 894 2269 eat·;
1072 2200 1149 2263 1970

246 2286 340 2341 virtus
354 2287 386 2338 in
400 2289 481 2340 astra
494 2282 607 2352 tendit,
621 2285 653 2337 in
667 2289 797 2339 mortem
811 2286 910 2339 timor.

246 2383 389 2440 praesens
402 2364 441 2420 ab
455 2368 551 2433 astris,
566 2372 673 2433 mater,
688 2362 812 2419 Alcides
826 2381 919 2419 cano:

246 2466 358 2523 poenas
372 2452 516 2502 cruentus
531 2449 590 2500 iarn
604 2445 661 2502 tibi
676 2443 864 2520 Eurystheus
883 2443 987 2511 dabit3

246 2548 334 2585 curru
349 2529 512 2603 superbum
527 2534 614 2583 vecta
627 2524 823 2583 transcendes
838 2532 938 2600 caput.

245 2629 295 2665 me
309 2614 369 2665 iam
383 2608 474 2666 decet
488 2608 587 2665 subire
602 2606 765 2664 caelestem
779 2605 918 2682 plagam3

246 2688 366 2747 inferna
379 2693 437 2746 vici
452 2709 552 2746 rursus
568 2688 691 2746 Alcides
710 2686 783 2745 loca.

628 2903 764 2941 ALCMENA

288 3014 380 3071 Mane
395 3021 689 3092 parumper—cessit
703 3036 740 3073 ex
755 3014 857 3084 oculis,
872 3016 945 3084 abit,

248 3100 279 3153 in
294 3103 374 3153 astra
388 3095 493 3154 fertur.
537 3096 624 3154 fallor
638 3117 677 3153 an
690 3097 790 3153 voltus
804 3103 893 3171 putat

247 3177 357 3234 vidisse
371 3180 499 3235 natum?
540 3183 648 3236 misera
661 3197 747 3235 mens
761 3176 917 3234 incredula
931 3184 1019 3233 est—

249 3282 306 3334 338
