2556 3844
350 254 440 310 THE
466 250 707 310 TRAGEDIES
737 250 791 309 OF
819 247 979 307 SENECA

589 409 739 449 ANTIGONA

255 501 307 557 Vis
322 495 414 570 nulla,
429 502 559 575 genitor,
574 518 592 554 a
606 506 660 555 tuo
674 504 809 553 nostram
822 514 944 550 manum

215 615 339 671 corpore
353 593 494 664 resolvet,
509 612 599 649 nemo
613 611 662 648 me
678 594 820 648 comitem
834 589 891 647 tibi

216 693 326 764 eripiet
340 707 491 765 umquam.
536 685 668 742 Labdaci
683 684 793 740 claram
807 682 940 751 domum,

215 781 361 858 opulenta
375 780 455 838 ferro
469 799 563 857 regna
577 782 714 856 germani
728 784 854 854 petant3

215 895 284 952 pars
298 895 414 932 summa
428 894 539 951 magno
553 876 647 949 patris
661 893 678 929 e
693 891 788 948 regno
802 890 870 927 mea
885 877 941 939 est,

190 1044 197 1048 g
216 977 303 1046 pater
317 973 390 1045 ipse.
433 989 494 1025 non
508 966 723 1040 hunc'auferet
737 964 832 1022 frater
845 962 919 1020 mihi

216 1062 362 1120 Thebana
376 1069 463 1139 raptu
476 1069 596 1138 sceptra
609 1065 661 1138 qui
675 1080 770 1137 reguo
784 1066 881 1128 tenet,

216 1176 278 1212 non
292 1155 374 1224 hunc
388 1163 522 1212 catervas
535 1154 614 1211 alter
627 1153 783 1230 Argolicas
796 1170 908 1228 agens;

216 1269 279 1306 non
293 1254 318 1307 si
331 1249 450 1307 revulso
465 1248 603 1326 Iuppiter
616 1248 730 1305 mundo
744 1254 833 1304 tonet

216 1343 412 1420 mediumque
426 1350 544 1400 nostros
559 1341 676 1399 fulmen
690 1345 722 1397 in
736 1359 832 1397 nexus
847 1338 945 1408 cadat,
1080 1335 1120 1395 60
1161 1392 1164 1397 ,

217 1457 340 1493 manum
355 1435 433 1492 hane
447 1439 609 1493 remittam.
639 1434 807 1511 prohibeas
822 1437 953 1510 genitor,
967 1433 1059 1500 lieet3

217 1549 322 1605 regam
336 1529 532 1598 abnuentem,
547 1527 675 1603 dirigam
688 1531 775 1584 inviti
790 1527 925 1604 gradum.

218 1627 250 1679 in
264 1621 354 1704 plana
368 1622 491 1679 tendis?
533 1621 610 1678 vado
622 1640 630 1690 ;
651 1629 813 1698 praerupta
827 1623 970 1697 appetis?

218 1736 279 1773 non
295 1718 391 1787 obsto,
406 1716 460 1773 sed
474 1715 643 1793 praeced03
664 1736 724 1795 quo
738 1719 782 1773 vis
797 1724 884 1773 utere

218 1811 296 1868 duee
310 1831 359 1868 me
371 1808 389 1868 τ’
399 1811 517 1868 duobus
531 1815 628 1868 omnis
643 1810 766 1887 eligitur
780 1814 835 1866 via.

218 1909 317 1981 perire
332 1908 397 1961 sine
411 1925 461 1961 me
477 1926 539 1962 non
553 1913 650 1981 potes,
664 1925 785 1962 meeum
799 1912 895 1980 potes.

219 1999 268 2055 hic
281 1999 343 2055 alta
357 2018 447 2075 rupes
461 1998 556 2056 arduo
570 2003 666 2075 surgit
679 2003 750 2075 iugo

219 2099 397 2168 spectatque
412 2091 503 2168 longe
517 2096 615 2168 spatia
629 2093 756 2149 subiecti
770 2096 869 2163 maris,

219 2189 263 2243 vis
276 2184 355 2242 hanc
369 2187 531 2261 petamus?
573 2185 672 2242 nudus
686 2185 736 2242 hie
750 2185 867 2262 pendet
882 2185 965 2255 silex,

220 2278 269 2335 hic
283 2283 373 2337 scissa
386 2279 479 2337 tellus
493 2279 628 2338 faucibus
643 2284 739 2356 ruptis
753 2279 819 2337 hiat
831 2300 838 2348 3
1083 2280 1121 2338 70

220 2377 263 2431 vis
277 2373 356 2430 hane
371 2376 534 2451 petamus?
576 2374 626 2431 hic
640 2394 731 2451 rapax
745 2383 864 2431 torrens
879 2374 961 2432 cadit

220 2475 382 2546 partesque
396 2468 472 2545 lapsi
486 2473 597 2525 montis
612 2487 716 2525 exesas
730 2476 828 2537 rotat3

219 2566 252 2618 in
266 2561 348 2619 hune
362 2565 506 2620 ruamus?
546 2562 620 2620 dum
634 2566 724 2638 prior,
738 2582 798 2639 quo
812 2566 856 2618 vis
871 2582 915 2619 eo.

220 2675 281 2712 non
296 2655 451 2731 deprecor,
466 2675 527 2713 non
542 2655 653 2713 hortor.
697 2660 835 2732 extingui
850 2659 934 2730 cupis

220 2756 395 2827 votumque,
410 2753 540 2825 genitor,
555 2755 719 2808 maximum
732 2769 812 2806 mors
827 2756 874 2805 est
888 2748 967 2804 tibi?

221 2847 246 2900 si
259 2848 393 2913 moreris,
407 2844 574 2912 anteced03
596 2848 620 2901 si
635 2849 717 2915 vivis,
732 2863 848 2921 sequor.

222 2936 276 2994 sed
290 2936 379 2994 flecte
393 2946 539 3009 mentem,
554 2947 661 3015 pectus
675 2943 835 3016 antiquum
849 2937 963 2995 advoca

221 3034 375 3107 victasque
389 3051 500 3108 magno
515 3034 621 3090 robore
635 3052 794 3090 aerumnas
808 3032 898 3089 doma
911 3050 918 3100 ;

222 3128 346 3193 resiste;
367 3130 461 3183 tantis
475 3129 507 3183 in
521 3126 607 3183 malis
620 3130 701 3184 vinci
714 3130 790 3183 mori
805 3134 860 3185 est.

223 3225 282 3276 350
