2556 3844
354 299 443 357 THE
470 297 710 356 TRAGEDIES
739 296 793 354 OF
821 295 981 354 SENECA

212 417 328 490 quievit
341 413 442 488 unus),
457 418 482 470 si
495 432 577 470 meas
591 412 696 469 laudes
710 416 793 468 canit

212 503 376 571 utrumque
392 494 507 551 Phoebi
521 494 593 551 litus
608 502 640 551 et
654 493 797 570 Scythiae
815 512 912 568 genus

213 585 246 633 et
260 580 358 633 omnis
372 575 482 632 ardens
496 595 548 632 ora
562 596 651 652 quam
666 582 763 632 torret
777 574 852 644 dies,
1041 576 1117 635 1700
1182 589 1185 595 ·

212 662 237 715 si
252 677 326 733 pace
340 657 433 714 tellus
447 656 547 732 plena,
563 661 587 713 si
601 656 703 714 nullae
717 662 847 733 gemunt

212 740 303 796 urbes
317 758 374 795 nec
389 758 454 795 aras
468 742 574 813 impias
590 742 747 815 quisquam
761 742 911 814 inquinat,

213 824 237 877 si
253 820 367 876 scelera
380 819 502 889 desunt,
517 823 656 895 spiritum
670 819 799 876 admitte
814 818 896 875 hunc
911 836 1018 894 precor

212 905 245 957 in
258 908 345 958 astra.
388 921 449 957 non
464 920 514 958 me
528 904 633 958 mortis
647 900 785 957 infernae
799 901 883 957 lucus

211 1003 269 1040 nec
283 990 399 1040 maesta
412 986 491 1059 nigri
506 1001 601 1057 regna
614 989 792 1039 conterrent
807 982 907 1049 Iovis;

212 1064 266 1121 sed
281 1068 324 1121 ire
339 1062 377 1120 ad
391 1063 458 1120 illus
473 1064 588 1133 umbra,
603 1083 678 1140 quos
692 1067 759 1133 vici,
774 1063 856 1133 de0S,

211 1153 308 1223 pater,
324 1146 478 1203 erubesco.
519 1146 600 1201 nube
615 1144 748 1201 discussa
761 1143 844 1202 diem

212 1226 322 1304 pande,
337 1235 373 1284 ut
386 1227 512 1284 deorum
527 1225 625 1283 voltus
639 1225 799 1282 ardentem
818 1225 984 1283 Herculem

211 1317 332 1386 spectet
344 1328 351 1376 ;
372 1308 446 1365 licet
459 1316 493 1365 tu
508 1308 606 1365 sidera
621 1316 654 1365 et
667 1307 815 1364 mundum
829 1327 934 1383 neges,

212 1390 302 1460 ultro,
317 1398 413 1465 pater,
429 1394 604 1465 cogere—si
618 1409 707 1446 voces
721 1388 807 1445 dolor
1040 1390 1116 1449 1710

212 1470 372 1528 abstulerit
387 1471 472 1541 ullas
486 1470 586 1545 pande
600 1478 668 1528 tum
682 1470 804 1546 Stygios
818 1469 901 1527 lacus

212 1559 245 1609 et
259 1551 354 1609 redde
368 1551 439 1608 fatis
452 1571 458 1619 ;
479 1551 612 1627 approba
626 1558 733 1608 natum
747 1556 838 1627 prius

211 1642 247 1690 ut
261 1633 373 1709 dignus
386 1636 473 1690 astris
488 1632 600 1703 videar,
615 1632 665 1689 hic
680 1630 771 1690 faciet
786 1632 860 1690 dies.

211 1714 280 1773 leve
294 1723 342 1772 est
356 1714 436 1792 quod
451 1721 553 1771 actum
568 1723 635 1783 est;
660 1714 825 1771 Herculem
840 1713 900 1785 hic,
911 1717 1041 1790 genitor,
1052 1714 1118 1771 dies

211 1800 349 1854 inveniet
362 1805 416 1853 aut
430 1795 616 1853 damnabit.''

619 1877 706 1935 Haec
721 1884 881 1954 postquam
894 1876 1002 1948 edidit,
1041 1879 1116 1938 1715

212 1958 345 2016 flammas
359 1963 505 2036 poposcit,
548 1959 633 2016 “hoc
647 1978 714 2036 age,
730 1958 855 2015 Alcidae
870 1977 971 2016 comes
1042 1960 1117 2018 1717

212 2060 275 2097 non
289 2045 390 2116 segnis
402 2041 418 2060 ''
435 2045 534 2117 inquit
548 2045 693 2116 “corripe
709 2040 857 2098 Oetaeam
871 2040 969 2097 facem
981 2059 988 2107 ;

212 2140 342 2178 noverca
356 2129 461 2178 cernat
474 2141 535 2197 quo
548 2122 645 2178 feram
659 2122 793 2179 flammas
807 2121 919 2179 modo.1
1042 2118 1117 2181 1716

214 2201 286 2280 quid
296 2201 403 2258 dextra
411 2205 556 2260 tremuit?
578 2223 651 2259 num
660 2223 766 2261 manus
776 2203 884 2279 pavida
892 2206 1019 2279 impium
1041 2205 1118 2267 1719

214 2282 310 2340 scelus
325 2283 463 2359 refugit?
505 2283 600 2341 redde
614 2288 674 2340 iam
688 2285 845 2360 pharetras
860 2283 945 2355 mihi,
1042 2285 1118 2344 1720

213 2368 322 2442 ignave
336 2369 417 2422 iners
432 2368 635 2425 inermis-en
650 2374 768 2423 nostros
782 2385 888 2422 manus

213 2466 291 2523 quae
305 2447 415 2505 tendat
429 2448 533 2504 arcus!
577 2447 650 2524 quid
665 2448 753 2505 sedet
767 2446 863 2523 pallor
877 2451 964 2522 genis
971 2448 986 2520 ,Ρ
1093 2473 1096 2478 ·

213 2532 314 2585 animo
328 2529 409 2586 faces
424 2529 532 2586 invade
547 2549 607 2606 quo
622 2529 751 2587 Alciden
767 2529 850 2585 vides

213 2610 297 2666 voltu
312 2614 419 2667 iacere.
463 2614 579 2687 respice
594 2631 738 2682 arsurum,
753 2614 851 2668 miser.

255 2690 351 2747 Vocat
365 2711 437 2748 ecce
451 2695 511 2748 iarn
525 2712 574 2749 me
589 2697 710 2768 genitor
725 2701 757 2750 et
771 2690 878 2768 pandit
892 2689 986 2767 polos.

214 2775 312 2841 venio,
327 2773 442 2848 pater.’'
487 2773 645 2850 voltusque
660 2795 721 2831 non
736 2774 817 2831 idem
832 2773 898 2831 fuit.

213 2861 366 2912 tremente
380 2858 486 2930 pinum
501 2855 627 2912 dextera
641 2855 799 2912 ardentem
810 2853 916 2931 impuli
926 2852 957 2922 3²

246 3057 256 3088 ¹
273 3058 326 3108 Leo
337 3060 427 3109 deletes
439 3058 489 3108 thia
501 3058 552 3109 linc
564 3059 626 3109 wita
637 3060 663 3110 E
669 3081 677 3111 s
695 3059 807 3122 Richter,
814 3059 949 3124 following
967 3058 1120 3121 Grmwviua,

213 3123 300 3187 placer
311 3125 331 3174 11
342 3127 411 3188 after
422 3126 438 3174 l.
453 3129 525 3176 1718.

247 3187 258 3220 ²
273 3190 308 3240 So
319 3191 343 3240 A
356 3207 365 3240 .·
382 3191 435 3240 Leo
447 3190 555 3255 impulit
567 3190 669 3241 1111111.

216 3280 274 3330 320

1274 2766 1276 2817 1

1274 2846 1276 2883 1

1275 2902 1276 2955 1

1275 3016 1276 3045 l

1275 3050 1276 3079 1
