2556 3844
363 300 452 358 THE
480 299 721 359 TRAGEDIES
748 300 804 359 OF
831 299 993 359 SENECA

615 449 737 487 OEDIPVS

266 536 355 595 Vnde
369 541 402 594 in
415 537 549 596 nefanda
562 542 717 614 specimen
732 541 888 615 egregium
902 537 1016 594 domo?
1089 543 1128 594 80

224 627 307 685 unde
321 631 379 685 ista
392 632 499 703 generi
513 632 597 703 virgo
610 627 763 684 dissimilis
777 629 852 684 suo?

227 717 369 788 Fortuna,
383 717 502 775 credis?
543 717 650 794 aliquis
665 725 712 774 est
727 737 764 774 ex
778 737 828 774 me
842 719 930 793 pius?

225 826 287 863 non
301 815 383 864 esset
396 827 550 884 umquam,
563 807 627 864 fata
640 809 720 865 bene
735 810 805 864 novi
818 827 896 877 mea,

225 900 283 953 nisi
297 904 333 954 ut
346 906 479 954 noceret.
522 901 588 973 ipsa
601 916 633 954 se
649 901 681 953 in
694 896 780 974 leges
793 916 885 954 novas
986 908 991 916 '

225 993 332 1042 natura
347 990 457 1055 vertit;
478 994 600 1063 regeret
614 990 646 1043 in
660 986 777 1044 fontem
792 991 867 1044 citas

226 1075 379 1134 revolutus
394 1075 490 1134 undas
504 1080 611 1148 amnia,
625 1084 658 1134 et
672 1084 795 1133 noctem
808 1075 915 1133 afferet

227 1165 368 1223 Phoebea
380 1166 505 1242 lampas,
522 1166 678 1242 Hesperus
692 1165 784 1223 faciet
798 1165 880 1222 diem
892 1184 901 1232 3

226 1263 260 1314 ut
274 1255 313 1312 ad
327 1259 461 1313 miserias
475 1255 589 1334 aliquid
603 1255 729 1312 accedat
743 1274 835 1325 meas,

226 1349 267 1421 pii
281 1364 401 1423 quoque
417 1348 535 1402 erimus.
578 1348 667 1402 unica
682 1343 860 1419 Oedipodae
875 1351 928 1400 est
936 1342 1025 1413 saluS,

225 1455 287 1491 non
302 1454 367 1493 esse
382 1434 505 1492 salvum.
547 1434 640 1492 liceat
653 1433 756 1491 ulcisci
770 1441 888 1508 patrem
1089 1440 1129 1499 90

225 1523 325 1580 adhuc
339 1523 490 1592 inultum3
511 1523 619 1581 dextra
633 1523 707 1600 quid
722 1542 819 1580 cessas
834 1526 915 1579 iners

226 1617 348 1689 exigere
363 1614 498 1689 poenas?
538 1612 686 1691 quidquid
701 1621 842 1670 exactum
857 1621 904 1670 est
918 1612 1027 1683 adhuc,

225 1706 315 1760 matri
329 1702 449 1761 dedisti.
492 1707 582 1761 mitte
596 1706 743 1780 genitoris
757 1722 889 1773 manum,

225 1796 359 1849 animosa
372 1796 457 1869 virgo
469 1811 477 1861 ;
498 1791 588 1850 funus
603 1792 744 1850 extendis
759 1811 861 1849 meum

225 1882 392 1960 longasque
407 1885 465 1939 vivi
478 1882 563 1940 ducis
578 1885 719 1961 exequias
733 1885 836 1959 patris.

225 1971 387 2049 aliquando
402 1979 482 2029 terra
496 1991 602 2049 corpus
617 1975 747 2030 invisum
760 1980 852 2048 tege3

226 2081 333 2138 peccas
347 2061 476 2118 honesta
490 2069 604 2132 mente,
619 2065 767 2138 pietatem
780 2082 869 2120 vocas

227 2159 345 2227 patrem
359 2150 546 2227 insepultum
559 2151 688 2209 trahere.
731 2156 783 2228 qui
798 2157 881 2229 cogit
895 2157 969 2209 mori
1012 2139 1014 2144 ’

190 2275 192 2280 -
227 2240 385 2297 nolentem
399 2245 430 2297 in
444 2260 542 2318 aequo
556 2248 603 2299 est
617 2245 729 2318 quique
744 2250 958 2318 properantem
972 2239 1120 2316 impedit3

227 2329 366 2388 occidere
381 2338 428 2388 est
442 2335 537 2389 vitare
552 2335 729 2407 cupientem
742 2331 841 2401 mori,1
1073 2337 1129 2387 100

227 2439 285 2477 nec
298 2427 403 2478 tamen
417 2425 449 2478 in
462 2440 560 2498 aequo
574 2429 642 2490 est;
663 2420 794 2479 alterum
808 2424 928 2497 gravius
941 2439 1017 2478 reor.

227 2509 307 2566 malo
320 2513 461 2586 imperari
475 2529 565 2586 quam
579 2513 655 2586 eripi
669 2519 799 2567 mortem
813 2511 895 2568 mihi.

228 2598 341 2656 desiste
355 2606 473 2675 coepto,
488 2602 573 2674 virgo
585 2617 593 2667 ;
614 2603 659 2656 ius
674 2603 755 2657 vitae
769 2620 804 2656 ac
818 2604 901 2657 necis
991 2606 993 2610 ’

228 2707 314 2744 meae
328 2706 423 2763 penes
436 2706 486 2744 me
502 2695 556 2744 est.
601 2708 695 2764 regna
709 2688 829 2747 deserui
843 2689 951 2757 libens,

228 2797 357 2853 regnum
371 2781 432 2834 mei
447 2781 573 2835 retineo.
617 2782 641 2834 si
656 2777 715 2835 fida
730 2798 762 2835 es
777 2797 886 2847 comes,

229 2886 333 2924 ensem
347 2871 468 2943 parenti
482 2867 578 2938 trade,
593 2867 647 2925 sed
662 2874 769 2925 notum
783 2885 859 2924 nece

229 2976 334 3014 ensem
348 2964 483 3032 patema.
526 2956 644 3015 tradis?
665 2977 705 3013 an
720 2960 784 3014 nati
797 2963 909 3013 tenent

229 3067 299 3103 cum
312 3066 408 3123 regno
423 3055 455 3104 et
469 3046 577 3103 illum?
618 3046 751 3102 facinore
766 3047 949 3122 ubicumque
964 3054 1012 3105 est
1026 3066 1111 3123 opus,

229 3136 272 3192 ibi
285 3135 524 3214 sit-relinquo;
546 3143 635 3193 natus
649 3134 730 3191 hunc
745 3134 857 3195 habeat
873 3154 970 3207 meus

231 3313 289 3365 πρ
523 3239 602 3289 ¹Leo
613 3239 835 3291 ddeterthialine.
