2544 3862
347 261 436 318 THE
463 261 702 319 TRAGEDIES
731 262 785 320 OF
813 262 973 320 SENECA

206 376 405 453 manibusque
419 375 534 433 adactis
548 396 638 434 omne
653 396 712 452 qua
726 396 814 434 voces
828 385 933 435 meant

204 470 365 547 aditusque
379 470 478 527 verbis
492 474 614 527 tramite
628 478 758 546 angusto
772 479 859 547 patet

206 584 313 622 eruere
327 584 446 639 possem
460 583 467 631 ;
488 571 569 634 nata,
584 568 644 619 iam
658 583 781 621 sensum
796 568 852 635 tui,

205 677 283 735 quae
297 677 365 733 pars
379 677 515 714 meorum
530 677 562 715 es
577 661 745 728 criminum,
760 656 866 715 infelix
881 667 968 735 pater
1050 665 1111 716 230

204 752 358 828 fugissem.

368 832 514 890 inhaeret
526 852 561 889 ac
575 833 761 890 recrudescit
775 825 860 890 nefas

205 927 344 997 subinde,
360 934 393 984 et
407 946 494 983 aures
508 930 654 1003 ingerunt
668 926 816 1003 quidquid
830 927 905 984 mihi

205 1022 349 1091 donastis
364 1020 451 1077 oculi.
495 1040 548 1077 cur
561 1029 653 1096 caput
666 1021 802 1078 tenebris
815 1040 906 1097 grave

205 1135 268 1172 non
281 1120 372 1173 mitto
386 1116 426 1173 ad
440 1116 560 1172 umbras
576 1113 656 1171 Ditis
671 1117 831 1172 aeternas?
874 1116 947 1191 quid
962 1114 1012 1171 hic

204 1229 309 1266 manes
323 1229 407 1267 meos
421 1209 569 1266 detineo?
612 1208 685 1285 quid
699 1217 813 1266 terram
827 1228 919 1285 gravo

204 1305 378 1379 mixtusque
392 1305 508 1376 superis
523 1303 612 1358 erro?
655 1301 728 1379 quid
743 1309 839 1358 restat
854 1302 947 1357 mali?

205 1416 334 1472 regnum
348 1403 491 1471 parentes
504 1396 603 1467 liberi,
617 1400 711 1452 virtus
725 1415 846 1472 quoque

206 1499 238 1548 et
253 1494 358 1566 ingeni
373 1488 503 1546 sollertis
518 1493 662 1546 eximium
677 1489 770 1546 decus

205 1587 334 1659 periere,
349 1590 458 1639 cuncta
472 1602 534 1640 sors
548 1583 623 1639 mihi
637 1580 749 1640 infesta
762 1583 897 1641 abstulit.

205 1677 346 1734 lacrimae
360 1677 634 1753 supererant-has
648 1696 769 1754 quoque
784 1682 881 1754 eripui
894 1677 978 1734 mihi.
1050 1683 1110 1733 240

247 1770 370 1828 Absiste
384 1772 390 1827 ἔ
432 1769 529 1829 nullas
543 1775 660 1828 animus
674 1771 811 1829 admittit
824 1791 930 1847 preces

206 1885 375 1944 novamque
390 1885 519 1941 poenam
533 1864 697 1923 sceleribus
711 1869 830 1942 quaerit
844 1885 955 1942 parem.

207 1969 239 2018 et
254 1979 319 2016 esse
334 1980 388 2035 par
402 1979 480 2036 quae
494 1961 631 2036 poterit?
673 1958 785 2016 infanti
799 1980 920 2038 quoque

207 2054 332 2111 decreta
346 2073 426 2110 mors
440 2061 495 2110 est.
539 2052 602 2110 fata
615 2056 683 2130 quis
697 2061 761 2110 tam
776 2057 874 2110 tristia

207 2150 331 2205 sortitus
345 2147 511 2223 umquam?
553 2146 687 2203 videram
701 2146 838 2203 nondum
852 2147 934 2205 diem

207 2243 347 2318 uterique
362 2239 499 2296 nondum
513 2240 660 2298 solveram
674 2240 768 2297 clausi
781 2260 889 2311 moraS,

208 2342 240 2392 et
254 2338 314 2390 iam
328 2334 466 2391 timebat.
510 2338 647 2410 protinus
662 2333 808 2412 quosdam
823 2334 921 2391 editos

206 2448 266 2483 nox
281 2432 439 2505 occupavit
453 2436 486 2485 et
500 2448 594 2485 novae
609 2428 669 2485 luci
683 2427 827 2496 abstulit3

206 2541 287 2579 mors
301 2541 350 2579 me
365 2526 548 2589 antecessit3
569 2522 676 2598 aliquis
690 2525 771 2578 intra
785 2526 900 2578 viscera

206 2623 346 2672 materna
360 2615 457 2671 letum
472 2619 648 2692 praecoquis
661 2615 718 2672 fati
731 2614 805 2672 tulit
817 2635 825 2684 ;
1051 2621 1110 2671 250

207 2709 261 2766 sed
275 2708 424 2785 numquid
438 2716 471 2766 et
485 2711 645 2784 peccavit?
687 2710 868 2780 abstrusum,
883 2710 1020 2766 abditum

207 2803 394 2879 dubiumque
409 2823 448 2858 an
463 2822 561 2860 essem
574 2803 697 2861 sceleris
711 2803 829 2861 infandi
843 2823 929 2860 reum

207 2897 283 2954 deus
298 2900 381 2972 egit3
402 2896 456 2953 illo
470 2904 551 2954 teste
565 2897 722 2955 damnavit
735 2917 845 2973 parens

207 2987 365 3066 calidoque
380 2998 503 3048 teneros
517 2995 648 3047 transuit
661 2990 742 3049 ferro
757 2991 851 3068 pedes

207 3092 240 3141 ct
254 3088 286 3140 in
300 3084 362 3142 alta
376 3104 500 3142 nemora
514 3084 658 3160 pabulum
672 3089 755 3143 misit
769 3085 841 3143 feris

208 3223 266 3283 362
