2556 3844
359 313 447 370 THE
476 311 715 370 TRAGEDIES
744 311 798 370 OF
826 310 987 369 SENECA

595 463 743 502 HERCVLES

261 556 368 613 Errare
383 554 491 611 mediis
506 553 596 611 crede
611 554 773 610 visceribus
788 557 873 622 meis,

219 659 237 695 ο
251 645 358 707 mater,
373 635 499 712 hydram
516 643 549 692 et
562 634 646 691 mille
661 653 730 691 cum
745 633 844 690 Lerna
858 632 944 690 feras.
1046 629 1123 690 1360

220 738 296 796 quae
311 726 398 775 tanta
411 718 507 774 nubes
522 716 640 773 flamma
655 715 787 772 Sicanias
801 723 894 785 secat,

219 820 296 879 quae
313 799 444 856 Lemnos
458 798 577 867 ardens,
592 817 669 873 quae
684 797 773 873 plaga
787 796 910 873 igniferi
924 794 986 873 poli

218 890 325 939 vetans
339 879 478 956 flagranti
493 898 613 935 currere
628 882 661 935 in
675 898 750 934 zona
764 877 870 935 diem?

219 968 250 1019 in
265 967 329 1038 ipsa
343 981 392 1030 me
407 965 527 1031 iactate,
543 980 597 1036 pro
611 964 746 1029 comites
761 959 841 1016 freta

219 1043 395 1119 mediosque
410 1047 442 1098 in
456 1046 668 1117 amnes-quis
683 1049 729 1098 sat
744 1050 791 1098 est
807 1041 915 1097 Hister
928 1039 1024 1096 mihi?

219 1146 281 1182 non
295 1130 359 1201 ipse
375 1128 463 1182 terris
478 1127 573 1180 maior
587 1122 728 1180 Oceanus
742 1141 826 1179 meos

219 1207 342 1282 franget
356 1224 490 1282 vaporeS,
505 1208 601 1262 omnis
615 1208 647 1260 in
662 1208 772 1261 nostris
785 1203 871 1260 malis

219 1288 341 1345 deficiet
355 1307 450 1356 umor,
466 1291 562 1343 omnis
576 1294 693 1343 arescet
706 1285 797 1343 latex.
965 1352 971 1365 .

220 1369 303 1447 quid,
319 1377 418 1426 rector
433 1368 534 1437 Erebi,
550 1388 599 1425 me
615 1368 792 1425 remittebas
807 1366 894 1423 lovi?

220 1451 325 1507 decuit
338 1458 445 1508 tenere
457 1469 465 1517 3
486 1449 581 1506 redde
596 1469 646 1506 me
660 1450 796 1505 tenebris
810 1452 880 1518 tuis,
1048 1450 1125 1507 1370

220 1530 313 1589 talem
329 1532 460 1587 subactis
476 1530 642 1586 Herculem
658 1529 786 1586 ostende
801 1528 913 1586 inferis.

219 1612 263 1670 nil
278 1612 350 1669 inde
365 1611 484 1681 ducam,
498 1610 572 1688 quid
585 1614 676 1667 times
691 1615 803 1667 iterum
819 1608 1007 1667 Herculem?

220 1693 339 1764 invade,
353 1712 443 1763 mom,
458 1712 520 1749 non
534 1692 674 1768 trepida3
695 1695 755 1748 iam
768 1711 891 1768 possum
905 1695 989 1749 mori.

606 1941 744 1980 ALCMENA

265 2030 430 2107 Compesce
444 2030 581 2087 lacrimas
596 2030 705 2087 saltem
720 2037 752 2086 et
765 2048 924 2086 aerumnas
938 2028 1028 2085 doma

224 2112 370 2187 malisque
385 2115 479 2168 tantis
496 2111 663 2168 Herculem
677 2110 859 2167 indomitum
874 2108 954 2167 refer

223 2199 414 2268 mortemque
428 2191 535 2259 differ3
557 2210 631 2268 quos
646 2191 723 2248 soles
738 2195 825 2247 vince
844 2190 968 2250 inferos.

602 2403 750 2442 HERCVLES

265 2487 297 2546 Si
311 2508 361 2544 me
376 2491 491 2544 catenis
505 2481 644 2544 horridus
660 2491 794 2543 vinctum
809 2491 869 2543 suis

225 2570 386 2646 praeberet
400 2569 505 2626 avidae
521 2568 668 2626 Caucasus
684 2568 796 2625 volucri
810 2568 931 2644 dapem,

225 2650 351 2727 Scythia
364 2659 509 2727 gemente
524 2650 630 2707 flebilis
645 2654 777 2725 gemitus
792 2649 866 2707 mibi

225 2752 287 2789 non
302 2735 472 2800 extitisset;
494 2737 519 2789 si
532 2751 626 2807 vagae
642 2730 860 2808 Symplegades
1053 2735 1130 2786 1380

228 2822 356 2890 utraque
370 2821 547 2889 premerent
560 2833 646 2889 rupe,
660 2812 816 2869 redeuntis
830 2811 949 2869 minax¹

241 2936 270 3050 ¹1¹
287 2935 322 2986 So
342 2936 464 2986 Richter:
491 2935 632 2986 redeuntes
653 2936 754 3000 tminas
776 2935 829 2985 Leo
850 2933 910 2984 airh
933 2934 966 2995 E,
988 2933 1131 2997 suyyeatiuy

226 3018 248 3052 ar
260 3018 313 3051 ens.

227 3099 253 3104 '²
271 3099 363 3185 ‘sta
376 3136 422 3185 the
434 3136 527 3201 hydra.

294 3199 305 3230 ²
324 3201 367 3250 He
379 3217 514 3267 compares
525 3202 600 3251 these
611 3199 700 3252 flames
712 3200 779 3251 with
791 3202 837 3252 the
848 3200 908 3252 fires
919 3200 947 3251 of
957 3201 1055 3250 Aetna.

227 3290 285 3352 294
