2432 3838
373 207 462 307 ins
489 248 729 308 Taioaoms
757 249 812 307 or
841 248 1002 306 sarraca

355 367 426 424 hinc
443 366 615 422 Haemonio
628 364 778 441 desponsa
791 383 866 441 rogo
915 390 920 397 ·

355 448 473 506 ducunt
487 455 610 516 turmas,
625 446 700 503 haec
714 446 872 516 femineas

356 529 408 599 ille
423 527 531 586 viriles.
574 527 671 585 festae
686 535 799 584 matres

356 613 456 667 votiva
469 608 574 667 ferunt
587 628 713 665 munera
727 608 821 677 divis3

356 690 428 749 festi
443 698 544 767 patres
558 689 675 747 adeunt
688 709 763 760 aras,

357 792 434 830 unus
448 780 514 829 iota
529 779 576 828 est
590 770 691 828 vultus
706 774 737 826 in
753 771 847 839 urbe;

357 862 398 924 et,
414 854 495 932 quod
509 872 673 929 numquam
688 860 758 928 post
774 852 944 911 Hectoreos

356 935 487 993 vidimus
500 939 599 1011 ignes
613 934 694 991 laeta
709 941 757 992 est
773 933 911 991 Hecuba.

356 1017 430 1095 quid
444 1036 526 1074 nunc
540 1020 680 1092 primum,
695 1014 782 1073 dolor
796 1015 913 1086 infelix,

358 1098 469 1176 quidve
478 1104 655 1171 ‚extremum
670 1096 782 1155 deflere
796 1098 904 1174 paras?
1085 1095 1152 1157 650

357 1183 487 1250 moenia,
502 1179 606 1236 divum
620 1177 765 1236 fabricata
779 1198 880 1250 manu,

357 1261 459 1319 diruta
473 1262 600 1317 nostra?

358 1363 396 1399 an
411 1342 527 1418 templa
541 1341 614 1399 deos
629 1360 719 1417 super
733 1348 801 1398 usta
815 1342 904 1398 suos?

359 1443 421 1480 non
435 1431 522 1480 vacat
536 1426 601 1480 istis
615 1422 772 1479 lacrimare
785 1422 914 1480 malis-

359 1513 402 1576 te,
416 1523 527 1581 magne
543 1523 661 1580 parens,
676 1503 751 1561 flent
767 1504 886 1561 Iliades.

358 1586 430 1655 vidi,
445 1585 507 1642 vidi
521 1588 600 1642 senis
615 1589 646 1641 in
661 1585 765 1661 iugulo

359 1666 456 1724 telum
472 1666 579 1744 Pyrrhi
596 1670 644 1722 vix
660 1670 770 1744 exiguo

360 1752 507 1826 sanguine
522 1752 630 1824 tingui.

604 1913 771 1952 cassANDRa

281 1994 429 2054 Cohibete
443 1995 580 2052 lacrimas
594 2013 684 2052 omne
699 2013 773 2071 quas
787 2002 908 2071 tempus
925 2003 1022 2073 petet,

239 2076 383 2147 Troades,
398 2084 431 2133 et
443 2080 526 2152 ipsae
542 2084 641 2133 vestra
655 2075 844 2133 lamentabili
1086 2077 1155 2140 660

241 2157 346 2234 lugete
360 2160 478 2232 gemitu
492 2156 618 2224 funera3
639 2176 801 2215 aerumnae
816 2177 902 2215 meac

242 2241 356 2296 socium
369 2245 518 2295 recusant.
562 2237 697 2295 cladibus
711 2246 836 2315 questus
849 2244 925 2297 meis

242 2327 405 2377 removete.
448 2323 558 2378 nostris
572 2323 637 2396 ipsa
650 2318 793 2377 sufficiam
807 2320 901 2379 malis.

636 2478 750 2518 CHORVS

445 2559 597 2617 Lacrimas
611 2559 741 2616 lacrimis
755 2563 881 2618 miscere
896 2565 997 2631 iuvat;

405 2646 500 2718 magis
516 2648 648 2699 exurunt
662 2660 737 2717 quos
752 2650 887 2699 secretae

405 2723 538 2781 lacerant
553 2742 652 2793 curae,
667 2726 750 2779 iuvat
765 2727 794 2779 in
809 2724 944 2781 medium

405 2804 517 2863 deflere
531 2824 600 2862 suos
612 2824 620 2873 3
639 2823 696 2861 nec
710 2813 754 2876 tu,
770 2810 904 2883 quamvis

406 2885 480 2943 dura
494 2889 596 2962 virago
610 2891 789 2965 patiensque
803 2887 884 2958 mali,

406 2970 519 3041 poteris
533 2975 634 3025 tantas
647 2967 719 3025 flere
734 2972 842 3025 ruinas.

406 3067 469 3103 non
483 3066 560 3124 quae
576 3065 669 3104 verno
682 3048 795 3106 mobile
809 3068 931 3106 carmen
1092 3053 1163 3118 670

406 3147 490 3184 ramo
505 3136 609 3186 cantat
623 3132 719 3185 tristis
733 3129 831 3186 aedon
