2538 3846
373 276 462 334 THE
489 275 729 335 TRAGEDIES
758 276 813 335 OF
840 277 1000 337 SENECA

353 401 386 451 te
400 392 478 450 duce
493 392 621 451 succidit

353 474 485 532 mendax
500 473 694 532 Dardanidae
705 475 812 533 domus

354 563 386 613 et
401 560 497 614 sensit
510 576 596 614 arcus
611 561 724 614 iterum
737 557 891 615 timendos
903 577 911 626 ;

353 645 386 694 te
401 636 479 695 duce
494 638 627 695 concidit

352 719 483 776 totidem
497 719 604 777 diebus
618 718 707 775 Troia
721 727 796 796 quot
810 724 905 778 annis.

595 891 762 930 CASSANDRA

273 978 332 1036 Res
346 984 447 1055 agitur
461 984 543 1038 intus
558 999 678 1056 magna,
693 999 747 1056 par
760 983 847 1037 annis
862 980 978 1038 decem.

231 1059 309 1118 eheu
324 1060 470 1137 quidhoc
485 1061 554 1119 est?
595 1065 706 1131 anime,
721 1081 868 1138 consurge
884 1069 917 1120 et
931 1083 1004 1140 cape

230 1146 363 1218 pretium
378 1141 652 1200 furoris—vicimus
668 1146 739 1200 victi
755 1142 909 1220 Phryges!

229 1224 308 1282 bene
323 1232 379 1293 est,
394 1229 526 1300 resurgit
539 1223 646 1292 Troia;
667 1228 785 1282 traxisti
799 1228 910 1295 iacens,

229 1324 348 1381 parens,
364 1306 519 1383 Mycenas,
534 1313 622 1381 terga
636 1306 689 1363 dat
704 1309 800 1362 victor
814 1309 904 1364 tuus!

228 1394 292 1442 tam
307 1386 386 1443 clara
401 1406 566 1463 numquam
580 1387 723 1463 providae
737 1390 850 1445 mentis
864 1386 947 1445 furor

229 1467 365 1524 ostendit
380 1468 492 1535 oculis;
513 1467 602 1524 video
616 1476 649 1525 et
663 1472 811 1525 intersum
826 1475 859 1526 et
873 1467 975 1538 fruor3

227 1552 328 1624 imago
341 1552 422 1605 visus
436 1547 528 1606 dubia
542 1567 604 1605 non
618 1548 698 1607 fallit
711 1568 794 1607 meos
807 1569 815 1618 ;

227 1638 408 1706 spectemus

411 1709 528 1785 Epulae
542 1714 625 1787 regia
639 1715 806 1769 instructae
821 1712 922 1784 domo,

226 1791 331 1868 quales
345 1790 472 1849 fuerunt
485 1791 611 1849 ultimae
627 1791 796 1870 Phrygibus
810 1793 914 1870 dapes,

226 1873 438 1942 celebrantur3
460 1880 543 1931 ostro
555 1872 654 1932 lectus
669 1873 762 1930 lliaco
775 1875 857 1932 nitet

225 1975 404 2033 merumque
419 1960 451 2012 in
465 1975 537 2011 auro
551 1959 664 2013 veteris
678 1955 816 2012 Assaraci
830 1954 965 2016 trahunt.

226 2057 265 2093 en
280 2041 344 2113 ipse
360 2041 441 2113 picta
455 2043 541 2094 veste
557 2036 693 2093 sublimis
707 2041 796 2107 iacet,

227 2117 336 2174 Priami
350 2118 494 2193 superbas
509 2136 632 2192 corpore
648 2121 769 2174 exuvias
787 2137 905 2193 gerens.

224 2198 387 2256 detrahere
402 2197 502 2255 cultus
516 2217 591 2255 uxor
610 2197 735 2256 hostiles
751 2199 847 2271 iubet,

224 2279 351 2337 induere
365 2283 466 2356 potius
480 2283 616 2356 coniugis
630 2278 708 2337 fidae
722 2299 812 2336 manu

224 2368 325 2419 textos
339 2360 616 2418 amictus—horreo
629 2369 722 2438 atque
736 2366 837 2418 animo
851 2365 966 2421 tremo!

223 2462 369 2519 regemne
383 2447 515 2520 perimet
529 2442 599 2500 exul
615 2450 648 2500 et
662 2442 783 2500 adulter
797 2447 915 2502 virum?

224 2543 334 2581 venere
349 2523 419 2582 fata.
462 2527 642 2600 sanguinem
656 2531 811 2581 extremae
825 2524 919 2601 dapes

223 2605 337 2662 domini
351 2605 500 2664 videbunt
514 2613 547 2663 et
561 2625 649 2663 cruor
664 2604 783 2662 Baccho
800 2606 924 2665 incidet.

222 2686 379 2743 mortifera
392 2691 528 2744 vinctum
543 2686 659 2763 perfide
673 2686 768 2744 tradit
782 2691 850 2744 neci

221 2767 330 2826 induta
343 2772 453 2837 vestis;
475 2772 591 2826 exitum
605 2769 743 2825 manibus
758 2776 873 2844 negant

254 2974 263 3004 ¹
280 2974 312 3023 In
324 2974 370 3023 the
381 2974 447 3023 time
459 2973 486 3022 oi
498 2973 656 3023 Laomedon.

253 3037 336 3088 ²The
358 3054 456 3088 arrows
479 3038 507 3087 of
529 3037 658 3087 Hercules
680 3039 708 3086 in
731 3038 778 3087 the
800 3039 885 3089 hands
908 3039 936 3089 oi
963 3041 1142 3098 Philoctetes

220 3104 332 3154 assisted
350 3105 378 3152 in
395 3104 442 3153 the
458 3103 521 3153 final
538 3103 586 3153 fall
602 3103 631 3152 oi
647 3103 718 3168 Troy
735 3103 819 3153 under
836 3105 932 3155 Priam.

253 3170 264 3199 ³
281 3170 333 3219 She
345 3169 431 3219 either
442 3169 535 3219 stands
547 3169 635 3219 where
651 3168 698 3218 she
715 3184 764 3218 oan
781 3185 824 3219 see
841 3171 888 3219 the
905 3172 1016 3222 interior
1033 3173 1062 3224 oi
1081 3176 1142 3229 the

223 3257 261 3313 72
