2544 3840
349 269 438 327 THE
466 269 706 327 TRAGEDIES
735 270 790 329 OF
818 268 981 327 SENECA

211 390 243 443 in
257 405 307 444 me
321 390 503 454 incucurrit3
525 385 597 442 inde
611 386 650 442 ad
664 385 746 441 hunc
760 387 864 442 orbem
878 385 955 456 redi,

211 496 302 534 nemo
316 476 397 533 unde
412 483 494 533 retro
508 482 562 533 est.
606 474 731 532 tulimus
745 475 861 533 Oceani
875 479 981 545 minae,

162 565 165 568 ’
210 587 269 624 nec
283 566 345 624 ulla
359 565 454 623 valuit
467 573 593 643 quatere
608 572 775 641 tempestas
789 572 886 622 ratem
1078 572 1116 623 50

129 654 132 660 ’
211 676 433 734 quamcumque
447 659 549 732 pressi.
593 675 661 732 pars
675 663 768 732 quota
783 662 831 712 est
846 655 972 712 Perseus
987 656 1074 712 mei?

211 751 271 804 iam
286 766 395 804 vacuus
409 746 517 804 aether
530 766 592 802 non
606 754 709 822 potest
724 745 793 802 odio
807 752 879 802 tuae

211 837 346 894 sufficere
360 845 475 913 nuptae
489 856 623 913 quasque
638 835 797 893 devincam
812 835 891 892 feras

211 926 303 985 tellus
317 931 407 984 timet
422 930 581 1002 concipere
596 945 653 983 nec
667 934 803 982 monstra
817 929 942 982 invenit.

211 1017 294 1075 ferae
307 1024 477 1092 negantur;
500 1016 650 1073 Hercules
664 1020 792 1073 monstri
806 1015 872 1072 loco

210 1111 270 1164 iam
284 1110 386 1182 coepit
400 1126 475 1164 esse.
518 1114 631 1183 quanta
646 1110 728 1163 enim
743 1104 821 1181 fregi
835 1103 924 1174 mala,

209 1205 285 1274 quot
299 1196 413 1254 scelera
426 1197 542 1254 nudus!
585 1195 732 1273 quidquid
747 1199 879 1251 immane
894 1196 1023 1265 obstitit,

209 1287 290 1345 solae
304 1307 410 1344 manus
425 1295 577 1356 stravere3
598 1305 656 1343 nec
671 1289 788 1343 iuvenis
803 1285 882 1342 feras

209 1382 298 1434 timui
312 1397 369 1434 nec
383 1376 490 1434 infans.
534 1375 682 1454 quidquid
697 1384 743 1433 est
758 1380 871 1432 iussum
885 1374 953 1431 leve
968 1384 1025 1446 est,

209 1487 267 1524 nec
281 1466 343 1525 ulla
357 1468 443 1524 nobis
457 1470 558 1543 segnis
573 1465 674 1522 illuxit
687 1465 761 1522 dies.
1075 1462 1114 1521 60

209 1575 227 1614 0
241 1564 355 1634 quanta
369 1555 434 1614 fudi
448 1564 583 1614 monstra
596 1575 673 1632 quae
688 1553 789 1611 nullus
801 1553 878 1610 mihi

209 1666 263 1704 rex
276 1647 452 1724 imperavit!
494 1647 607 1703 institit
620 1649 715 1701 virtus
729 1643 804 1700 mihi

210 1737 327 1794 lunone
341 1741 434 1814 peior.

439 1825 501 1884 Sed
515 1822 588 1902 quid
602 1822 779 1900 inpavidum
792 1842 889 1899 genus
964 1832 968 1836 “

209 1914 316 1975 fecisse
331 1916 475 1994 prodest?
499 1912 502 1915 ’
517 1934 580 1972 non
594 1914 711 1972 habent
725 1932 831 1990 pacem
845 1911 896 1970 dei
909 1931 916 1980 ;

208 2014 337 2083 purgata
351 2006 443 2063 tellus
457 2009 555 2062 omnis
569 2009 602 2061 in
617 2004 702 2061 caelo
717 2003 802 2061 videt
853 2005 857 2008 ’

208 2095 421 2173 quodcumque
435 2098 556 2163 timuit3
577 2092 734 2150 transtulit
750 2092 826 2149 luno
841 2091 929 2149 feras.

208 2185 304 2242 ambit
318 2190 495 2260 peremptus
509 2203 618 2240 cancer
631 2183 791 2239 ardentem
805 2181 927 2258 plagam

209 2274 385 2352 Libyaeque
400 2274 481 2332 sidus
496 2273 594 2330 fertur
608 2281 641 2330 et
654 2292 767 2329 messes
781 2270 854 2340 alit;

208 2385 323 2422 annum
336 2365 477 2442 fugacem
491 2363 586 2421 tradit
600 2363 746 2420 Astraeae
762 2361 820 2432 leo,

208 2464 241 2514 at
254 2455 316 2528 ille,
330 2459 446 2513 iactans
460 2453 608 2511 fervidam
623 2451 700 2509 collo
717 2452 829 2523 iubam,
1074 2456 1112 2514 70

207 2554 343 2605 austrum
356 2545 533 2603 madentem
547 2547 640 2600 siccat
655 2550 687 2600 et
701 2544 819 2600 nimbos
834 2545 921 2618 rapit.

206 2640 317 2694 invasit
330 2639 427 2693 omnis
441 2653 513 2692 ecce
528 2637 588 2691 iam
602 2632 719 2690 caelum
733 2632 798 2689 fera

207 2745 318 2803 meque
332 2729 496 2783 antecessit
508 2742 516 2794 3
536 2728 632 2781 victor
647 2742 664 2780 e
678 2727 767 2780 terris
786 2741 869 2779 meos

207 2824 312 2893 specto
325 2815 453 2887 laboreS,
467 2822 548 2872 astra
562 2817 711 2891 portentis
725 2817 807 2890 prius

240 2956 249 2988 ¹
266 2956 356 3006 i.e.·he
368 2957 391 3005 is
401 2956 449 3005 the
460 2957 523 3021 only
535 2955 720 3020 uneonquered
732 2961 853 3004 creature
867 2952 917 3002 leit
933 2969 967 3003 ou
984 2954 1112 3004 earth-a

207 3022 316 3082 marvel,
330 3026 391 3136 past
403 3023 449 3071 the
460 3020 562 3071 bounde
574 3021 602 3070 ol
612 3028 717 3072 nature.

239 3088 249 3119 ²
267 3088 332 3138 (int
351 3103 441 3153 every
453 3087 506 3152 day
517 3086 545 3137 ol
563 3088 605 3137 hia
623 3085 695 3137 birth
713 3085 746 3134 he
763 3084 846 3134 killed
863 3088 919 3134 two
936 3085 1004 3150 huga
1016 3085 1111 3136 snakes

207 3153 293 3203 which
304 3152 377 3203 June
389 3158 449 3203 sent
459 3153 564 3218 against
576 3153 638 3202 him.
739 3150 749 3182 ³
766 3149 809 3201 ie.
823 3150 998 3216 Eurystheus.

211 3242 266 3301 190
