2544 3840
360 260 449 317 THE
478 259 718 318 TRAGEDIES
746 260 801 318 OF
829 260 991 319 SENECA

222 375 354 453 ferisque
370 375 447 433 Iuno
461 376 579 446 tribuit,
594 383 629 434 ut
643 375 761 433 caelum
775 376 850 434 mihi

221 473 337 531 faceret
351 474 532 531 timendum.
574 478 717 550 sparserit
730 475 879 532 mundum
893 475 966 533 licet

222 571 400 649 caelumque
413 576 503 630 terris
518 576 604 649 peius
617 594 652 630 ac
666 577 753 650 peius
768 572 863 652 Styge

221 674 298 727 irata
312 668 414 741 faciat,
428 670 550 728 dabitur
565 670 691 728 Alcidae
709 670 801 730 locus

222 772 247 825 si
261 775 330 844 post
343 766 433 839 feras,
446 777 515 845 post
529 768 620 840 bella,
634 778 704 845 post
718 770 860 847 Stygium
874 790 981 830 canem

223 865 305 922 haud
320 866 393 923 dum
407 874 487 924 astra
500 872 607 938 merui,
623 867 741 925 Siculus
757 868 945 946 Hesperium
958 869 1038 928 latus
1091 876 1130 928 80

222 972 331 1042 tangat
346 965 480 1036 Pelorus,
495 985 555 1022 una
569 970 629 1022 iam
644 965 735 1023 tellus
750 970 828 1036 erit3

221 1062 305 1119 illinc
319 1062 431 1140 fugabo
445 1068 546 1122 maria.
590 1069 615 1121 si
628 1068 714 1141 iungi
727 1066 823 1136 iubeS,

222 1166 395 1220 committat
409 1163 506 1221 undas
521 1163 663 1237 Isthmos,
678 1170 711 1221 et
724 1167 829 1221 iuncto
843 1163 906 1222 salo

222 1281 300 1319 nova
312 1260 450 1319 ferantur
464 1261 587 1320 Atticae
601 1281 719 1339 puppes
733 1266 789 1320 via.

222 1367 359 1418 mutetur
373 1361 472 1418 orbis:
493 1361 620 1419 vallibus
635 1369 736 1419 currat
749 1364 835 1419 novis

223 1458 332 1516 Hister
346 1478 499 1536 novasque
513 1459 623 1516 Tanais
637 1463 765 1536 accipiat
779 1463 849 1517 vias.

223 1555 272 1626 da,
286 1554 326 1612 da
339 1556 481 1626 tuendos,
497 1556 646 1634 Iuppiter,
660 1557 768 1615 saltem
783 1557 856 1615 deos
869 1576 876 1624 ;

222 1653 274 1710 illa
288 1653 394 1712 licebit
407 1653 525 1713 fulmen
538 1676 556 1712 a
570 1664 657 1732 parte
676 1655 804 1727 auferas,
826 1646 834 1657 ⁹

224 1771 282 1829 ego
296 1772 386 1829 quam
401 1754 518 1811 tuebor.
561 1758 624 1812 sive
638 1753 798 1830 glacialem
812 1753 925 1831 polum,

223 1869 276 1908 seu
291 1870 341 1908 mc
354 1855 435 1909 tueri
451 1852 596 1909 fervidam
612 1859 731 1929 partem
748 1852 844 1923 iubes,
1090 1855 1129 1916 90

223 1949 280 2007 hac
295 1969 361 2008 esse
376 1971 500 2028 superos
514 1959 601 2027 parte
616 1970 736 2008 securos
750 1958 832 2027 puta.
893 2015 895 2021 ,

224 2050 366 2109 Cirrhaea
382 2051 481 2109 Paean
495 2052 612 2128 templa
626 2060 658 2109 ct
672 2051 841 2109 aetheriam
856 2051 980 2109 domum

223 2156 367 2225 serpente
382 2169 470 2207 caeso
484 2153 656 2207 meruit-o
670 2153 811 2226 quotiens
825 2153 905 2208 iacet

225 2246 344 2324 Python
359 2251 392 2304 in
406 2246 519 2326 hydra!
562 2247 698 2304 Bacchus
712 2253 746 2304 et
761 2246 888 2305 Perseus
902 2247 968 2305 deis

223 2349 283 2401 iam
297 2364 329 2403 se
343 2346 475 2404 intulere
487 2365 494 2414 ;
515 2345 570 2403 sed
584 2353 677 2422 quota
691 2354 740 2403 est
752 2344 859 2403 mundi
878 2345 967 2423 plaga

223 2447 322 2501 oriens
337 2446 479 2502 subactus
493 2451 546 2501 aut
560 2452 654 2521 quota
668 2453 716 2502 est
730 2444 856 2521 Gorgon
870 2444 951 2503 fera!

223 2547 289 2619 quis
303 2551 384 2601 astra
397 2550 486 2600 natus
501 2542 641 2601 laudibus
656 2547 768 2601 meruit
782 2546 843 2601 suis

223 2648 307 2698 exte
323 2642 521 2699 ctnoverca?
563 2660 655 2718 quem
669 2642 727 2699 tuli
742 2641 891 2701 mundum
907 2647 989 2717 peto.

264 2738 325 2796 Sed
339 2746 384 2810 tu,
399 2759 500 2797 comcs
514 2739 624 2797 laboris
640 2739 797 2811 Herculei,
814 2737 917 2809 Licha,

223 2835 326 2915 perfer
339 2838 517 2915 triumphos,
533 2837 641 2917 Euryti
657 2843 752 2896 victos
765 2837 844 2895 lares
1072 2842 1129 2894 100

222 2943 411 3013 stratumque
425 2957 562 3015 regnum.
605 2957 658 2996 vos
671 2957 764 3015 pecus
779 2940 876 3014 rapite
891 2940 973 2995 ocius

483 3085 490 3116 ¹
510 3086 551 3136 ic.
566 3085 672 3136 Italian.

483 3151 494 3181 ²
510 3150 567 3200 The
579 3151 699 3202 Isthmus
710 3151 739 3201 of
750 3150 870 3203 Corinth.

226 3233 282 3294 192
