2544 3862
371 300 460 357 THE
487 299 726 358 TRAGEDIES
754 299 810 357 OF
837 299 999 358 SENECA

232 417 358 492 probate
373 415 470 486 factis,
485 416 612 492 gloriam
627 435 661 472 ac
676 415 781 473 laudes
794 435 877 473 meas

231 505 372 573 superate
387 506 420 555 et
434 496 548 574 aliquid
562 497 653 554 facite
668 505 793 574 propter
807 496 888 573 quod
902 504 1021 572 patrem

230 579 330 636 adhuc
344 584 429 636 iuvet
443 584 559 636 vixisse.
602 578 729 649 facietis,
744 583 823 636 scio:

231 665 273 718 sic
289 664 362 717 estis
376 664 446 717 orti:
487 660 601 718 scelere
616 660 744 737 defungi
759 660 834 717 haut
847 660 916 730 levi,

230 742 306 798 haut
320 745 432 798 usitato
446 750 533 799 tanta
547 742 688 799 nobilitas
702 750 812 818 potest.

231 822 310 880 ferte
324 842 416 893 arma,
431 823 546 891 facibus
560 828 658 899 petite
673 816 846 900 penetrales
861 822 934 880 deos
1075 828 1135 879 340

231 902 412 981 frugemque
425 905 545 961 flamma
558 909 667 962 metite
681 905 790 962 natalis
804 905 869 974 soli,

231 989 358 1042 miscete
373 994 492 1057 cuncta,
505 991 604 1063 rapite
617 991 650 1043 in
665 989 792 1043 exitium
806 990 916 1055 omnia,

231 1066 351 1124 disicite
365 1072 476 1143 passim
489 1072 620 1138 moenia,
633 1071 666 1123 in
680 1067 804 1144 planum
818 1067 899 1136 date,

231 1148 354 1224 templis
369 1149 442 1206 deos
457 1151 587 1220 obruite,
600 1148 766 1206 maculatos
779 1149 858 1206 lares

231 1229 370 1300 conflate,
385 1232 423 1287 ab
438 1234 498 1288 imo
512 1239 578 1288 tota
592 1230 729 1287 considat
743 1231 850 1288 domus
863 1249 870 1297 ;

231 1312 303 1368 urbs
317 1316 683 1387 concremetur—primus
696 1332 714 1368 a
728 1311 869 1368 thalamis
883 1314 958 1367 meis

230 1396 356 1468 incipiat
369 1397 456 1469 ignis.

607 1559 758 1598 ANTIGONA

463 1673 555 1729 Mitte
570 1673 737 1730 violentum
751 1676 900 1748 impetum

231 1753 342 1810 doloris
355 1774 390 1810 ac
405 1761 437 1810 te
451 1753 572 1829 publica
586 1762 714 1811 exorent
728 1754 817 1824 mala,

231 1844 397 1912 auctorque
412 1835 548 1911 placidae
563 1836 665 1893 liberis
681 1840 762 1912 pacis
776 1840 854 1892 veni.

622 2081 744 2120 onnlrvs

272 2194 366 2252 Vides
380 2195 536 2253 modestae
551 2194 691 2251 deditum
704 2197 801 2250 menti
816 2212 921 2250 senem
1075 2198 1135 2251 350

232 2276 429 2353 placidaeque
444 2284 598 2333 amantem
612 2280 694 2352 pacis
708 2275 747 2332 ad
761 2283 863 2351 partes
877 2276 988 2331 vocas?

231 2365 333 2416 tumet
347 2362 464 2416 animus
478 2362 531 2427 ira,
546 2357 645 2415 fervet
659 2361 824 2415 immensus
838 2355 933 2427 dolor,

232 2444 388 2516 maiusque
403 2460 493 2517 quam
508 2439 589 2517 quod
604 2459 689 2496 casus
704 2447 737 2496 et
750 2443 895 2495 iuvenum
909 2436 992 2494 furor

232 2530 359 2579 conatur
373 2520 486 2597 aliquid
501 2525 597 2596 cupio.
640 2541 703 2578 non
717 2525 789 2578 satis
803 2528 851 2577 est
864 2518 964 2576 adhuc

233 2602 321 2659 civile
335 2602 468 2670 bellum;
489 2601 585 2660 frater
597 2607 629 2659 in
643 2601 768 2660 fratrem
783 2609 851 2659 ruat
863 2620 870 2669 ;

232 2703 290 2740 nec
304 2683 362 2741 hoc
377 2691 423 2741 sat
437 2690 502 2751 est3
524 2684 605 2761 quod
620 2684 724 2755 debet,
738 2691 774 2741 ut
787 2683 839 2739 fiat
853 2681 938 2739 nefas

233 2764 272 2821 de
286 2784 370 2822 more
385 2773 499 2835 nostro,
513 2766 593 2842 quod
608 2786 692 2823 meos
706 2766 815 2823 deceat
829 2771 920 2833 toros,

233 2845 305 2904 date
320 2867 402 2902 arma
416 2850 513 2904 matri.
557 2867 648 2904 nemo
661 2867 711 2903 me
726 2867 763 2904 ex
778 2845 825 2902 his
840 2852 927 2902 eruat

233 2927 332 2996 silvis;
352 2928 454 2986 latebo
468 2933 551 3005 rupis
566 2948 674 2986 exesae
689 2947 761 2985 cavo

233 3017 287 3066 aut
300 3029 373 3085 sepe
387 3010 483 3066 densa
496 3029 604 3086 corpus
618 3012 789 3068 abstrusum
802 3016 914 3083 tegam.
1076 3003 1134 3063 360

234 3089 305 3147 hinc
319 3092 491 3167 aucupabor
504 3093 597 3149 verba
610 3096 737 3149 rumoris
750 3094 820 3166 vagi
892 3108 894 3111 ·

233 3179 265 3228 et
279 3191 367 3229 saeva
380 3171 508 3230 fratrum
522 3173 613 3245 bella,
626 3172 707 3250 quod
721 3191 853 3248 possum,
867 3170 995 3228 audiam.

233 3272 291 3329 372
