<?xml version="1.0" encoding="UTF-8"?>
<!DOCTYPE html PUBLIC "-//W3C//DTD XHTML 1.0 Transitional//EN"
    "http://www.w3.org/TR/xhtml1/DTD/xhtml1-transitional.dtd">
<html xmlns="http://www.w3.org/1999/xhtml" xml:lang="en" lang="en">
 <head>
  <title>
</title>
<meta http-equiv="Content-Type" content="text/html;charset=utf-8" />
  <meta name='ocr-system' content='tesseract 3.04.00' />
  <meta name='ocr-capabilities' content='ocr_page ocr_carea ocr_par ocr_line ocrx_word'/>
</head>
<body>
  <div class='ocr_page' id='page_1' title='image "./senecastragedie01millgoog_0493.png"; bbox 0 0 2514 3828; ppageno 0'>
   <div class='ocr_carea' id='block_1_1' title="bbox 352 317 980 378">
    <p class='ocr_par' dir='ltr' id='par_1_1' title="bbox 352 317 980 378">
     <span class='ocr_line' id='line_1_1' title="bbox 352 317 980 378; baseline -0.008 0"><span class='ocrx_word' id='word_1_1' title='bbox 352 319 441 378; x_wconf 87' lang='lat' dir='ltr'><strong>THE</strong></span> <span class='ocrx_word' id='word_1_2' title='bbox 468 318 708 378; x_wconf 86' lang='lat' dir='ltr'><strong>TRAGEDIES</strong></span> <span class='ocrx_word' id='word_1_3' title='bbox 736 318 791 377; x_wconf 82' lang='lat' dir='ltr'><strong>OF</strong></span> <span class='ocrx_word' id='word_1_4' title='bbox 819 317 980 377; x_wconf 84' lang='lat' dir='ltr'><strong>SENECA</strong></span> 
     </span>
    </p>
   </div>
   <div class='ocr_carea' id='block_1_2' title="bbox 133 432 922 754">
    <p class='ocr_par' dir='ltr' id='par_1_2' title="bbox 133 432 920 675">
     <span class='ocr_line' id='line_1_2' title="bbox 211 432 895 514; baseline -0.01 -19"><span class='ocrx_word' id='word_1_5' title='bbox 211 437 315 514; x_wconf 92' lang='lat' dir='ltr'><strong>populi</strong></span> <span class='ocrx_word' id='word_1_6' title='bbox 330 439 388 493; x_wconf 87' lang='lat' dir='ltr'><strong>nisi</strong></span> <span class='ocrx_word' id='word_1_7' title='bbox 401 438 463 492; x_wconf 90' lang='lat' dir='ltr'><strong>irae</strong></span> <span class='ocrx_word' id='word_1_8' title='bbox 478 438 639 510; x_wconf 86' lang='lat' dir='ltr'><strong>coniugem</strong></span> <span class='ocrx_word' id='word_1_9' title='bbox 653 432 763 491; x_wconf 88' lang='lat' dir='ltr'><strong>reddat</strong></span> <span class='ocrx_word' id='word_1_10' title='bbox 776 452 895 504; x_wconf 86' lang='lat' dir='ltr'><strong>novam,</strong></span> 
     </span>
     <span class='ocr_line' id='line_1_3' title="bbox 212 515 920 594; baseline -0.007 -19"><span class='ocrx_word' id='word_1_11' title='bbox 212 518 321 577; x_wconf 84' lang='lat' dir='ltr'><strong>reddat</strong></span> <span class='ocrx_word' id='word_1_12' title='bbox 335 524 463 594; x_wconf 89' lang='lat' dir='ltr'><strong>penates</strong></span> <span class='ocrx_word' id='word_1_13' title='bbox 478 515 620 572; x_wconf 85' lang='lat' dir='ltr'><strong>Claudiae</strong></span> <span class='ocrx_word' id='word_1_14' title='bbox 635 517 733 572; x_wconf 86' lang='lat' dir='ltr'><strong>victus</strong></span> <span class='ocrx_word' id='word_1_15' title='bbox 747 533 824 571; x_wconf 79' lang='lat' dir='ltr'><strong>suos.</strong></span> <span class='ocrx_word' id='word_1_16' title='bbox 914 533 920 543; x_wconf 71' lang='grc'><strong>’</strong></span> 
     </span>
     <span class='ocr_line' id='line_1_4' title="bbox 133 600 776 675; baseline -0.011 -17"><span class='ocrx_word' id='word_1_17' title='bbox 133 640 136 645; x_wconf 56' lang='lat'>&lt;</span> <span class='ocrx_word' id='word_1_18' title='bbox 212 609 247 658; x_wconf 93' lang='lat' dir='ltr'><strong>ut</strong></span> <span class='ocrx_word' id='word_1_19' title='bbox 261 606 366 657; x_wconf 86' lang='lat' dir='ltr'><strong>noscat</strong></span> <span class='ocrx_word' id='word_1_20' title='bbox 379 601 445 675; x_wconf 85' lang='lat' dir='ltr'><strong>ipse</strong></span> <span class='ocrx_word' id='word_1_21' title='bbox 459 600 569 654; x_wconf 85' lang='lat' dir='ltr'><strong>civium</strong></span> <span class='ocrx_word' id='word_1_22' title='bbox 582 603 693 667; x_wconf 88' lang='lat' dir='ltr'><strong>motus,</strong></span> <span class='ocrx_word' id='word_1_23' title='bbox 706 614 776 653; x_wconf 84' lang='lat' dir='ltr'><strong>mea</strong></span> 
     </span>
    </p>

    <p class='ocr_par' dir='ltr' id='par_1_3' title="bbox 212 676 922 754">
     <span class='ocr_line' id='line_1_5' title="bbox 212 676 922 754; baseline -0.008 -15"><span class='ocrx_word' id='word_1_24' title='bbox 212 701 285 739; x_wconf 83' lang='lat' dir='ltr'><strong>voce</strong></span> <span class='ocrx_word' id='word_1_25' title='bbox 300 679 381 737; x_wconf 89' lang='lat' dir='ltr'><strong>haud</strong></span> <span class='ocrx_word' id='word_1_26' title='bbox 395 679 535 735; x_wconf 85' lang='lat' dir='ltr'><strong>morabor</strong></span> <span class='ocrx_word' id='word_1_27' title='bbox 548 681 628 735; x_wconf 85' lang='lat' dir='ltr'><strong>iussa</strong></span> <span class='ocrx_word' id='word_1_28' title='bbox 641 676 790 753; x_wconf 86' lang='lat' dir='ltr'><strong>praefecti</strong></span> <span class='ocrx_word' id='word_1_29' title='bbox 804 680 922 754; x_wconf 85' lang='lat' dir='ltr'>exequi.</span> 
     </span>
    </p>
   </div>
   <div class='ocr_carea' id='block_1_3' title="bbox 603 865 762 905">
    <p class='ocr_par' dir='ltr' id='par_1_4' title="bbox 603 865 762 905">
     <span class='ocr_line' id='line_1_6' title="bbox 603 865 762 905; baseline 0 -1"><span class='ocrx_word' id='word_1_30' title='bbox 603 865 717 905; x_wconf 83' lang='lat' dir='ltr'>CHORVS</span> <span class='ocrx_word' id='word_1_31' title='bbox 760 881 762 886; x_wconf 66' lang='grc'>’</span> 
     </span>
    </p>
   </div>
   <div class='ocr_carea' id='block_1_4' title="bbox 332 953 913 1280">
    <p class='ocr_par' dir='ltr' id='par_1_5' title="bbox 332 953 913 1280">
     <span class='ocr_line' id='line_1_7' title="bbox 374 953 913 1028; baseline -0.009 -13"><span class='ocrx_word' id='word_1_32' title='bbox 374 956 457 1028; x_wconf 86' lang='lat' dir='ltr'>Quid</span> <span class='ocrx_word' id='word_1_33' title='bbox 470 956 535 1014; x_wconf 85' lang='lat' dir='ltr'><strong>fera</strong></span> <span class='ocrx_word' id='word_1_34' title='bbox 547 953 660 1012; x_wconf 86' lang='lat' dir='ltr'><strong>frustra</strong></span> <span class='ocrx_word' id='word_1_35' title='bbox 673 953 754 1011; x_wconf 89' lang='lat' dir='ltr'><strong>bella</strong></span> <span class='ocrx_word' id='word_1_36' title='bbox 765 954 913 1011; x_wconf 81' lang='lat' dir='ltr'><strong>movetis?</strong></span> 
     </span>
     <span class='ocr_line' id='line_1_8' title="bbox 332 1034 767 1114; baseline -0.011 -18"><span class='ocrx_word' id='word_1_37' title='bbox 332 1043 445 1096; x_wconf 86' lang='lat' dir='ltr'><strong>invicta</strong></span> <span class='ocrx_word' id='word_1_38' title='bbox 460 1040 540 1114; x_wconf 81' lang='lat' dir='ltr'><strong>gerit</strong></span> <span class='ocrx_word' id='word_1_39' title='bbox 553 1036 617 1094; x_wconf 86' lang='lat' dir='ltr'><strong>tela</strong></span> <span class='ocrx_word' id='word_1_40' title='bbox 631 1034 748 1112; x_wconf 88' lang='lat' dir='ltr'><strong>Cupido</strong></span> <span class='ocrx_word' id='word_1_41' title='bbox 760 1054 767 1103; x_wconf 95' lang='lat'>;</span> 
     </span>
     <span class='ocr_line' id='line_1_9' title="bbox 332 1118 812 1192; baseline -0.01 -15"><span class='ocrx_word' id='word_1_42' title='bbox 332 1119 458 1177; x_wconf 88' lang='lat' dir='ltr'><strong>flammis</strong></span> <span class='ocrx_word' id='word_1_43' title='bbox 472 1125 587 1176; x_wconf 88' lang='lat' dir='ltr'><strong>vestros</strong></span> <span class='ocrx_word' id='word_1_44' title='bbox 601 1118 711 1175; x_wconf 89' lang='lat' dir='ltr'><strong>obruet</strong></span> <span class='ocrx_word' id='word_1_45' title='bbox 724 1120 812 1192; x_wconf 89' lang='lat' dir='ltr'><strong>ignes</strong></span> 
     </span>
     <span class='ocr_line' id='line_1_10' title="bbox 332 1198 832 1280; baseline -0.012 -20"><span class='ocrx_word' id='word_1_46' title='bbox 332 1202 442 1280; x_wconf 92' lang='lat' dir='ltr'><strong>quibus</strong></span> <span class='ocrx_word' id='word_1_47' title='bbox 455 1203 587 1258; x_wconf 78' lang='lat' dir='ltr'><strong>extinxit</strong></span> <span class='ocrx_word' id='word_1_48' title='bbox 600 1198 728 1256; x_wconf 80' lang='lat' dir='ltr'><strong>fulmina</strong></span> <span class='ocrx_word' id='word_1_49' title='bbox 741 1217 832 1274; x_wconf 83' lang='lat' dir='ltr'>saepe</span> 
     </span>
    </p>
   </div>
   <div class='ocr_carea' id='block_1_5' title="bbox 270 1278 1116 2070">
    <p class='ocr_par' dir='ltr' id='par_1_6' title="bbox 270 1278 1116 2070">
     <span class='ocr_line' id='line_1_11' title="bbox 333 1278 1116 1360; baseline -0.005 -20"><span class='ocrx_word' id='word_1_50' title='bbox 333 1290 517 1360; x_wconf 83' lang='lat' dir='ltr'><strong>captumque</strong></span> <span class='ocrx_word' id='word_1_51' title='bbox 532 1280 636 1337; x_wconf 90' lang='lat' dir='ltr'><strong>Iovem</strong></span> <span class='ocrx_word' id='word_1_52' title='bbox 649 1278 734 1337; x_wconf 84' lang='lat' dir='ltr'><strong>eaelo</strong></span> <span class='ocrx_word' id='word_1_53' title='bbox 749 1283 850 1336; x_wconf 84' lang='lat' dir='ltr'><strong>traxit.</strong></span> <span class='ocrx_word' id='word_1_54' title='bbox 1057 1286 1116 1337; x_wconf 91' lang='grc'><strong>810</strong></span> 
     </span>
     <span class='ocr_line' id='line_1_12' title="bbox 332 1361 784 1438; baseline -0.009 -18"><span class='ocrx_word' id='word_1_55' title='bbox 332 1363 414 1422; x_wconf 87' lang='lat' dir='ltr'><strong>laeso</strong></span> <span class='ocrx_word' id='word_1_56' title='bbox 427 1367 532 1420; x_wconf 77' lang='lat' dir='ltr'><strong>tristes</strong></span> <span class='ocrx_word' id='word_1_57' title='bbox 545 1361 656 1420; x_wconf 89' lang='lat' dir='ltr'><strong>dabitis</strong></span> <span class='ocrx_word' id='word_1_58' title='bbox 670 1379 784 1438; x_wconf 88' lang='lat' dir='ltr'><strong>poenas</strong></span> 
     </span>
     <span class='ocr_line' id='line_1_13' title="bbox 334 1444 906 1521; baseline -0.01 -18"><span class='ocrx_word' id='word_1_59' title='bbox 334 1448 482 1521; x_wconf 78' lang='lat' dir='ltr'><strong>sanguine</strong></span> <span class='ocrx_word' id='word_1_60' title='bbox 496 1451 605 1501; x_wconf 90' lang='lat' dir='ltr'><strong>vestro.</strong></span> <span class='ocrx_word' id='word_1_61' title='bbox 648 1462 710 1499; x_wconf 88' lang='lat' dir='ltr'><strong>non</strong></span> <span class='ocrx_word' id='word_1_62' title='bbox 725 1449 772 1499; x_wconf 91' lang='lat' dir='ltr'><strong>est</strong></span> <span class='ocrx_word' id='word_1_63' title='bbox 786 1444 906 1517; x_wconf 84' lang='lat' dir='ltr'><strong>patiens</strong></span> 
     </span>
     <span class='ocr_line' id='line_1_14' title="bbox 331 1522 853 1599; baseline -0.01 -17"><span class='ocrx_word' id='word_1_64' title='bbox 331 1523 465 1582; x_wconf 84' lang='lat' dir='ltr'><strong>fervidus</strong></span> <span class='ocrx_word' id='word_1_65' title='bbox 478 1527 541 1581; x_wconf 86' lang='lat' dir='ltr'><strong>irae</strong></span> <span class='ocrx_word' id='word_1_66' title='bbox 554 1522 711 1599; x_wconf 82' lang='lat' dir='ltr'><strong>facilisque</strong></span> <span class='ocrx_word' id='word_1_67' title='bbox 725 1525 790 1598; x_wconf 86' lang='lat' dir='ltr'><strong>regi</strong></span> <span class='ocrx_word' id='word_1_68' title='bbox 803 1540 811 1590; x_wconf 92' lang='lat'>;</span> <span class='ocrx_word' id='word_1_69' title='bbox 850 1560 853 1563; x_wconf 89' lang='lat'>-</span> 
     </span>
     <span class='ocr_line' id='line_1_15' title="bbox 343 1601 800 1663; baseline -0.007 -2"><span class='ocrx_word' id='word_1_70' title='bbox 343 1605 384 1663; x_wconf 97' lang='lat' dir='ltr'><strong>lle</strong></span> <span class='ocrx_word' id='word_1_71' title='bbox 399 1604 532 1662; x_wconf 85' lang='lat' dir='ltr'><strong>ferocem</strong></span> <span class='ocrx_word' id='word_1_72' title='bbox 545 1606 633 1660; x_wconf 93' lang='lat' dir='ltr'><strong>iussit</strong></span> <span class='ocrx_word' id='word_1_73' title='bbox 646 1601 800 1659; x_wconf 90' lang='lat' dir='ltr'><strong>Achillem</strong></span> 
     </span>
     <span class='ocr_line' id='line_1_16' title="bbox 333 1682 827 1765; baseline -0.006 -21"><span class='ocrx_word' id='word_1_74' title='bbox 333 1686 453 1763; x_wconf 87' lang='lat' dir='ltr'><strong>pulsare</strong></span> <span class='ocrx_word' id='word_1_75' title='bbox 467 1684 572 1765; x_wconf 85' lang='lat' dir='ltr'><strong>lyram,</strong></span> <span class='ocrx_word' id='word_1_76' title='bbox 587 1683 681 1761; x_wconf 84' lang='lat' dir='ltr'><strong>fregit</strong></span> <span class='ocrx_word' id='word_1_77' title='bbox 695 1682 827 1755; x_wconf 89' lang='lat' dir='ltr'><strong>Danaos,</strong></span> 
     </span>
     <span class='ocr_line' id='line_1_17' title="bbox 332 1765 825 1845; baseline -0.004 -22"><span class='ocrx_word' id='word_1_78' title='bbox 332 1767 425 1845; x_wconf 86' lang='lat' dir='ltr'><strong>fregit</strong></span> <span class='ocrx_word' id='word_1_79' title='bbox 439 1765 590 1835; x_wconf 73' lang='lat' dir='ltr'><strong>Ati-idem,</strong></span> <span class='ocrx_word' id='word_1_80' title='bbox 605 1784 700 1842; x_wconf 86' lang='lat' dir='ltr'><strong>regna</strong></span> <span class='ocrx_word' id='word_1_81' title='bbox 714 1768 825 1822; x_wconf 85' lang='lat' dir='ltr'><strong>evertit</strong></span> 
     </span>
     <span class='ocr_line' id='line_1_18' title="bbox 334 1846 791 1920; baseline -0.004 -15"><span class='ocrx_word' id='word_1_82' title='bbox 334 1849 454 1920; x_wconf 82' lang='lat' dir='ltr'><strong>Priami,</strong></span> <span class='ocrx_word' id='word_1_83' title='bbox 468 1848 561 1911; x_wconf 85' lang='lat' dir='ltr'><strong>claras</strong></span> <span class='ocrx_word' id='word_1_84' title='bbox 575 1846 669 1905; x_wconf 81' lang='lat' dir='ltr'><strong>diruit</strong></span> <span class='ocrx_word' id='word_1_85' title='bbox 683 1846 791 1914; x_wconf 89' lang='lat' dir='ltr'><strong>urbes;</strong></span> 
     </span>
     <span class='ocr_line' id='line_1_19' title="bbox 333 1926 892 2006; baseline -0.007 -17"><span class='ocrx_word' id='word_1_86' title='bbox 333 1938 366 1989; x_wconf 89' lang='lat' dir='ltr'><strong>et</strong></span> <span class='ocrx_word' id='word_1_87' title='bbox 379 1950 461 1988; x_wconf 86' lang='lat' dir='ltr'><strong>nune</strong></span> <span class='ocrx_word' id='word_1_88' title='bbox 475 1933 593 1986; x_wconf 90' lang='lat' dir='ltr'><strong>animus</strong></span> <span class='ocrx_word' id='word_1_89' title='bbox 607 1926 680 2006; x_wconf 89' lang='lat' dir='ltr'><strong>quid</strong></span> <span class='ocrx_word' id='word_1_90' title='bbox 695 1927 774 1985; x_wconf 85' lang='lat' dir='ltr'><strong>ferat</strong></span> <span class='ocrx_word' id='word_1_91' title='bbox 788 1926 892 1985; x_wconf 85' lang='lat' dir='ltr'><strong>horret</strong></span> 
     </span>
     <span class='ocr_line' id='line_1_20' title="bbox 270 2008 735 2070; baseline -0.006 -2"><span class='ocrx_word' id='word_1_92' title='bbox 270 2008 272 2013; x_wconf 76' lang='grc'><strong>’</strong></span> <span class='ocrx_word' id='word_1_93' title='bbox 332 2017 376 2070; x_wconf 91' lang='lat' dir='ltr'><strong>vis</strong></span> <span class='ocrx_word' id='word_1_94' title='bbox 390 2015 515 2069; x_wconf 91' lang='lat' dir='ltr'><strong>immitis</strong></span> <span class='ocrx_word' id='word_1_95' title='bbox 528 2009 663 2068; x_wconf 87' lang='lat' dir='ltr'><strong>violenta</strong></span> <span class='ocrx_word' id='word_1_96' title='bbox 676 2008 735 2066; x_wconf 89' lang='lat' dir='ltr'><strong>dei.</strong></span> 
     </span>
    </p>
   </div>
   <div class='ocr_carea' id='block_1_6' title="bbox 623 2194 703 2233">
    <p class='ocr_par' dir='ltr' id='par_1_7' title="bbox 623 2194 703 2233">
     <span class='ocr_line' id='line_1_21' title="bbox 623 2194 703 2233; baseline -0.025 0"><span class='ocrx_word' id='word_1_97' title='bbox 623 2194 703 2233; x_wconf 81' lang='lat' dir='ltr'>NERO</span> 
     </span>
    </p>
   </div>
   <div class='ocr_carea' id='block_1_7' title="bbox 208 2281 1115 3171">
    <p class='ocr_par' dir='ltr' id='par_1_8' title="bbox 208 2281 1115 3171">
     <span class='ocr_line' id='line_1_22' title="bbox 251 2281 1115 2342; baseline -0.003 0"><span class='ocrx_word' id='word_1_98' title='bbox 251 2283 280 2342; x_wconf 93' lang='grc' dir='ltr'>Ο</span> <span class='ocrx_word' id='word_1_99' title='bbox 294 2282 379 2342; x_wconf 77' lang='lat' dir='ltr'><strong>lenta</strong></span> <span class='ocrx_word' id='word_1_100' title='bbox 393 2285 520 2339; x_wconf 88' lang='lat' dir='ltr'><strong>nimium</strong></span> <span class='ocrx_word' id='word_1_101' title='bbox 534 2281 639 2339; x_wconf 89' lang='lat' dir='ltr'><strong>militis</strong></span> <span class='ocrx_word' id='word_1_102' title='bbox 654 2284 749 2338; x_wconf 89' lang='lat' dir='ltr'><strong>nostri</strong></span> <span class='ocrx_word' id='word_1_103' title='bbox 763 2300 871 2338; x_wconf 85' lang='lat' dir='ltr'><strong>manus</strong></span> <span class='ocrx_word' id='word_1_104' title='bbox 1056 2288 1115 2339; x_wconf 77' lang='lat'><strong>820</strong></span> 
     </span>
     <span class='ocr_line' id='line_1_23' title="bbox 210 2361 843 2441; baseline -0.006 -19"><span class='ocrx_word' id='word_1_105' title='bbox 210 2371 243 2422; x_wconf 88' lang='lat' dir='ltr'><strong>et</strong></span> <span class='ocrx_word' id='word_1_106' title='bbox 257 2368 301 2421; x_wconf 85' lang='lat' dir='ltr'><strong>ira</strong></span> <span class='ocrx_word' id='word_1_107' title='bbox 315 2367 434 2441; x_wconf 88' lang='lat' dir='ltr'><strong>patiens</strong></span> <span class='ocrx_word' id='word_1_108' title='bbox 448 2371 517 2440; x_wconf 88' lang='lat' dir='ltr'><strong>post</strong></span> <span class='ocrx_word' id='word_1_109' title='bbox 531 2361 616 2420; x_wconf 89' lang='lat' dir='ltr'><strong>nefas</strong></span> <span class='ocrx_word' id='word_1_110' title='bbox 630 2370 752 2420; x_wconf 85' lang='lat' dir='ltr'><strong>tantum</strong></span> <span class='ocrx_word' id='word_1_111' title='bbox 765 2381 843 2433; x_wconf 87' lang='lat' dir='ltr'><strong>mea,</strong></span> 
     </span>
     <span class='ocr_line' id='line_1_24' title="bbox 209 2443 830 2524; baseline -0.002 -21"><span class='ocrx_word' id='word_1_112' title='bbox 209 2445 292 2524; x_wconf 90' lang='lat' dir='ltr'><strong>quod</strong></span> <span class='ocrx_word' id='word_1_113' title='bbox 305 2465 367 2502; x_wconf 88' lang='lat' dir='ltr'><strong>non</strong></span> <span class='ocrx_word' id='word_1_114' title='bbox 381 2464 469 2502; x_wconf 86' lang='lat' dir='ltr'><strong>cruor</strong></span> <span class='ocrx_word' id='word_1_115' title='bbox 482 2443 578 2501; x_wconf 86' lang='lat' dir='ltr'><strong>civilis</strong></span> <span class='ocrx_word' id='word_1_116' title='bbox 592 2463 734 2501; x_wconf 86' lang='lat' dir='ltr'><strong>accensas</strong></span> <span class='ocrx_word' id='word_1_117' title='bbox 748 2443 830 2502; x_wconf 85' lang='lat' dir='ltr'><strong>faces</strong></span> 
     </span>
     <span class='ocr_line' id='line_1_25' title="bbox 211 2523 912 2604; baseline -0.004 -19"><span class='ocrx_word' id='word_1_118' title='bbox 211 2530 365 2604; x_wconf 79' lang='lat' dir='ltr'><strong>extinguit</strong></span> <span class='ocrx_word' id='word_1_119' title='bbox 377 2530 409 2583; x_wconf 91' lang='lat' dir='ltr'><strong>in</strong></span> <span class='ocrx_word' id='word_1_120' title='bbox 424 2544 489 2596; x_wconf 68' lang='lat' dir='ltr'><strong>nos</strong></span> <span class='ocrx_word' id='word_1_121' title='bbox 504 2524 598 2582; x_wconf 89' lang='lat' dir='ltr'><strong>caede</strong></span> <span class='ocrx_word' id='word_1_122' title='bbox 612 2544 670 2582; x_wconf 86' lang='lat' dir='ltr'><strong>nee</strong></span> <span class='ocrx_word' id='word_1_123' title='bbox 685 2524 789 2601; x_wconf 88' lang='lat' dir='ltr'><strong>populi</strong></span> <span class='ocrx_word' id='word_1_124' title='bbox 806 2523 912 2583; x_wconf 87' lang='lat' dir='ltr'><strong>madet</strong></span> 
     </span>
     <span class='ocr_line' id='line_1_26' title="bbox 210 2605 1115 2684; baseline -0.003 -20"><span class='ocrx_word' id='word_1_125' title='bbox 210 2607 338 2665; x_wconf 82' lang='lat' dir='ltr'><strong>funerea</strong></span> <span class='ocrx_word' id='word_1_126' title='bbox 354 2606 448 2664; x_wconf 86' lang='lat' dir='ltr'><strong>Roma</strong></span> <span class='ocrx_word' id='word_1_127' title='bbox 462 2625 540 2684; x_wconf 90' lang='lat' dir='ltr'><strong>quae</strong></span> <span class='ocrx_word' id='word_1_128' title='bbox 553 2609 632 2664; x_wconf 89' lang='lat' dir='ltr'><strong>viros</strong></span> <span class='ocrx_word' id='word_1_129' title='bbox 647 2605 724 2663; x_wconf 88' lang='lat' dir='ltr'><strong>tales</strong></span> <span class='ocrx_word' id='word_1_130' title='bbox 737 2605 819 2664; x_wconf 87' lang='lat' dir='ltr'><strong>tulit.</strong></span> <span class='ocrx_word' id='word_1_131' title='bbox 1036 2605 1115 2663; x_wconf 74' lang='lat'>8241</span> 
     </span>
     <span class='ocr_line' id='line_1_27' title="bbox 208 2686 1111 2760; baseline -0.007 -14"><span class='ocrx_word' id='word_1_132' title='bbox 208 2697 241 2746; x_wconf 91' lang='lat' dir='ltr'><strong>at</strong></span> <span class='ocrx_word' id='word_1_133' title='bbox 254 2688 315 2760; x_wconf 90' lang='lat' dir='ltr'><strong>illa,</strong></span> <span class='ocrx_word' id='word_1_134' title='bbox 330 2691 378 2745; x_wconf 88' lang='lat' dir='ltr'><strong>eui</strong></span> <span class='ocrx_word' id='word_1_135' title='bbox 391 2706 441 2746; x_wconf 90' lang='lat' dir='ltr'><strong>me</strong></span> <span class='ocrx_word' id='word_1_136' title='bbox 456 2690 565 2744; x_wconf 85' lang='lat' dir='ltr'><strong>civium</strong></span> <span class='ocrx_word' id='word_1_137' title='bbox 580 2687 690 2745; x_wconf 86' lang='lat' dir='ltr'><strong>subicit</strong></span> <span class='ocrx_word' id='word_1_138' title='bbox 703 2686 795 2758; x_wconf 86' lang='lat' dir='ltr'><strong>furor,</strong></span> <span class='ocrx_word' id='word_1_139' title='bbox 1053 2690 1111 2744; x_wconf 73' lang='grc'><strong>827</strong></span> 
     </span>
     <span class='ocr_line' id='line_1_28' title="bbox 209 2766 869 2846; baseline -0.006 -19"><span class='ocrx_word' id='word_1_140' title='bbox 209 2777 350 2846; x_wconf 86' lang='lat' dir='ltr'><strong>suspecta</strong></span> <span class='ocrx_word' id='word_1_141' title='bbox 364 2772 495 2826; x_wconf 86' lang='lat' dir='ltr'><strong>coniunx</strong></span> <span class='ocrx_word' id='word_1_142' title='bbox 509 2775 542 2826; x_wconf 89' lang='lat' dir='ltr'><strong>et</strong></span> <span class='ocrx_word' id='word_1_143' title='bbox 556 2787 639 2825; x_wconf 88' lang='lat' dir='ltr'><strong>soror</strong></span> <span class='ocrx_word' id='word_1_144' title='bbox 652 2787 772 2844; x_wconf 88' lang='lat' dir='ltr'><strong>semper</strong></span> <span class='ocrx_word' id='word_1_145' title='bbox 784 2766 869 2838; x_wconf 88' lang='lat' dir='ltr'><strong>mihi,</strong></span> 
     </span>
     <span class='ocr_line' id='line_1_29' title="bbox 209 2848 846 2927; baseline -0.005 -19"><span class='ocrx_word' id='word_1_146' title='bbox 209 2849 335 2908; x_wconf 87' lang='lat' dir='ltr'><strong>tandem</strong></span> <span class='ocrx_word' id='word_1_147' title='bbox 349 2848 444 2907; x_wconf 88' lang='lat' dir='ltr'><strong>dolori</strong></span> <span class='ocrx_word' id='word_1_148' title='bbox 459 2852 598 2926; x_wconf 88' lang='lat' dir='ltr'><strong>spiritum</strong></span> <span class='ocrx_word' id='word_1_149' title='bbox 612 2848 722 2907; x_wconf 90' lang='lat' dir='ltr'><strong>reddat</strong></span> <span class='ocrx_word' id='word_1_150' title='bbox 735 2868 804 2905; x_wconf 89' lang='lat' dir='ltr'><strong>meo</strong></span> <span class='ocrx_word' id='word_1_151' title='bbox 841 2920 846 2927; x_wconf 29' lang='grc' dir='ltr'>ι</span> 
     </span>
     <span class='ocr_line' id='line_1_30' title="bbox 208 2933 1113 3008; baseline -0.003 -20"><span class='ocrx_word' id='word_1_152' title='bbox 208 2936 343 3008; x_wconf 85' lang='lat' dir='ltr'><strong>iramque</strong></span> <span class='ocrx_word' id='word_1_153' title='bbox 358 2937 491 2988; x_wconf 87' lang='lat' dir='ltr'><strong>nostram</strong></span> <span class='ocrx_word' id='word_1_154' title='bbox 506 2934 653 3007; x_wconf 87' lang='lat' dir='ltr'><strong>sanguine</strong></span> <span class='ocrx_word' id='word_1_155' title='bbox 669 2933 830 3006; x_wconf 78' lang='lat' dir='ltr'><strong>extinguat</strong></span> <span class='ocrx_word' id='word_1_156' title='bbox 843 2948 906 2987; x_wconf 89' lang='lat' dir='ltr'><strong>suo.</strong></span> <span class='ocrx_word' id='word_1_157' title='bbox 1054 2936 1113 2986; x_wconf 84' lang='lat'><strong>830</strong></span> 
     </span>
     <span class='ocr_line' id='line_1_31' title="bbox 208 3011 898 3088; baseline -0.001 -19"><span class='ocrx_word' id='word_1_158' title='bbox 208 3012 338 3070; x_wconf 89' lang='lat' dir='ltr'><strong>admissa</strong></span> <span class='ocrx_word' id='word_1_159' title='bbox 352 3011 406 3069; x_wconf 90' lang='lat' dir='ltr'><strong>sed</strong></span> <span class='ocrx_word' id='word_1_160' title='bbox 420 3015 480 3068; x_wconf 81' lang='lat' dir='ltr'><strong>iam</strong></span> <span class='ocrx_word' id='word_1_161' title='bbox 493 3019 592 3070; x_wconf 88' lang='lat' dir='ltr'><strong>morte</strong></span> <span class='ocrx_word' id='word_1_162' title='bbox 607 3015 708 3088; x_wconf 90' lang='lat' dir='ltr'><strong>puniri</strong></span> <span class='ocrx_word' id='word_1_163' title='bbox 722 3029 827 3087; x_wconf 84' lang='lat' dir='ltr'><strong>parum</strong></span> <span class='ocrx_word' id='word_1_164' title='bbox 842 3018 898 3068; x_wconf 91' lang='lat' dir='ltr'><strong>est.</strong></span> 
     </span>
     <span class='ocr_line' id='line_1_32' title="bbox 208 3090 852 3171; baseline -0.002 -21"><span class='ocrx_word' id='word_1_165' title='bbox 208 3097 344 3171; x_wconf 80' lang='lat' dir='ltr'><strong>graviora</strong></span> <span class='ocrx_word' id='word_1_166' title='bbox 356 3095 468 3150; x_wconf 88' lang='lat' dir='ltr'><strong>meruit</strong></span> <span class='ocrx_word' id='word_1_167' title='bbox 481 3096 608 3169; x_wconf 89' lang='lat' dir='ltr'><strong>impium</strong></span> <span class='ocrx_word' id='word_1_168' title='bbox 622 3092 719 3168; x_wconf 90' lang='lat' dir='ltr'><strong>plebis</strong></span> <span class='ocrx_word' id='word_1_169' title='bbox 734 3090 831 3149; x_wconf 86' lang='lat' dir='ltr'><strong>scelus</strong></span> <span class='ocrx_word' id='word_1_170' title='bbox 844 3111 852 3160; x_wconf 93' lang='grc'><strong>;</strong></span> 
     </span>
    </p>
   </div>
   <div class='ocr_carea' id='block_1_8' title="bbox 209 3196 1109 3351">
    <p class='ocr_par' dir='ltr' id='par_1_9' title="bbox 209 3196 1109 3351">
     <span class='ocr_line' id='line_1_33' title="bbox 239 3196 1109 3261; baseline -0.003 -11"><span class='ocrx_word' id='word_1_171' title='bbox 239 3197 250 3230; x_wconf 89' lang='lat'>¹</span> <span class='ocrx_word' id='word_1_172' title='bbox 269 3198 322 3250; x_wconf 67' lang='lat' dir='ltr'><strong>xie</strong></span> <span class='ocrx_word' id='word_1_173' title='bbox 333 3198 448 3250; x_wconf 69' lang='lat' dir='ltr'><strong>inserted</strong></span> <span class='ocrx_word' id='word_1_174' title='bbox 458 3198 536 3249; x_wconf 68' lang='lat' dir='ltr'><strong>order</strong></span> <span class='ocrx_word' id='word_1_175' title='bbox 546 3198 579 3261; x_wconf 85' lang='lat' dir='ltr'><strong>of</strong></span> <span class='ocrx_word' id='word_1_176' title='bbox 585 3197 768 3261; x_wconf 70' lang='lat' dir='ltr'><strong>thesollowiny</strong></span> <span class='ocrx_word' id='word_1_177' title='bbox 775 3196 842 3248; x_wconf 78' lang='lat' dir='ltr'><strong>linea</strong></span> <span class='ocrx_word' id='word_1_178' title='bbox 852 3197 875 3248; x_wconf 77' lang='lat' dir='ltr'><strong>ia</strong></span> <span class='ocrx_word' id='word_1_179' title='bbox 886 3197 941 3247; x_wconf 70' lang='lat' dir='ltr'><strong>stas</strong></span> <span class='ocrx_word' id='word_1_180' title='bbox 953 3198 985 3261; x_wconf 85' lang='lat' dir='ltr'><strong>of</strong></span> <span class='ocrx_word' id='word_1_181' title='bbox 997 3196 1109 3247; x_wconf 78' lang='lat' dir='ltr'><strong>Richter.</strong></span> 
     </span>
     <span class='ocr_line' id='line_1_34' title="bbox 209 3294 268 3351; baseline 0 -3"><span class='ocrx_word' id='word_1_182' title='bbox 209 3294 268 3351; x_wconf 78' lang='lat'><strong>474</strong></span> 
     </span>
    </p>
   </div>
   <div class='ocr_carea' id='block_1_9' title="bbox 0 0 1262 3828">
    <p class='ocr_par' dir='ltr' id='par_1_10' title="bbox 0 0 1262 3828">
     <span class='ocr_line' id='line_1_35' title="bbox 0 0 1262 3828; baseline 0 0"><span class='ocrx_word' id='word_1_183' title='bbox 0 0 1262 3828; x_wconf 95' lang='lat' dir='ltr'><strong> </strong></span> 
     </span>
    </p>
   </div>
  </div>
 </body>
</html>
