2514 3828
377 281 466 339 THE
494 279 733 339 TRAGEDIES
761 279 817 338 OF
844 279 1005 338 SENECA

359 402 457 455 curin
471 400 569 473 patria
581 396 656 453 mihi
670 415 758 453 saeva
771 396 870 451 mori?

359 479 413 536 sed
428 483 487 535 iam
501 497 570 553 spes
584 486 632 535 est
645 477 729 534 nulla
742 476 888 534 salutis—

359 560 458 617 fratris
473 579 565 617 cerno
578 558 749 616 miseranda
763 565 869 615 ratem.

359 640 416 698 hae
431 661 470 698 en
485 644 569 698 cuius
584 648 671 697 vecta
684 643 785 696 carina

359 721 512 800 quondam
526 726 677 799 genetrix,
691 740 772 777 nunc
787 728 820 777 et
838 720 979 777 thalamis

359 803 484 879 expulsa
498 823 580 861 soror
592 801 762 860 miseranda
776 801 876 858 vehar.
1082 807 1144 867 910

359 884 478 942 nullum
494 884 592 942 Pietas
606 904 688 941 nuno
702 903 817 941 numen
831 882 925 940 habet

359 986 416 1023 nec
430 973 502 1023 sunt
516 969 616 1042 superi
628 985 636 1034 ;
657 972 766 1041 regnat
784 964 899 1022 mundo

359 1052 454 1105 tristis
470 1047 586 1124 Erinys.
688 1116 692 1122 ,

359 1133 426 1205 quis
439 1148 508 1186 mea
521 1128 615 1205 digne
630 1125 742 1184 deflere
756 1133 860 1202 potest

359 1209 458 1267 mala?
479 1229 558 1286 quae
571 1209 701 1265 lacrimis
716 1211 826 1265 nostris
841 1214 966 1284 questus

359 1291 469 1349 reddat
482 1290 603 1348 aedon?
645 1294 729 1347 cuius
743 1308 859 1365 pennas

359 1377 477 1430 utinam
490 1376 617 1430 miserae
632 1370 707 1428 mihi
721 1369 784 1427 fata
797 1369 924 1427 darent!

359 1454 498 1530 fugerem
512 1453 612 1511 luctus
626 1452 745 1510 sublata
758 1470 842 1508 meos

359 1554 461 1611 penna
476 1534 588 1591 volueri
602 1533 706 1609 procul
721 1540 754 1590 et
768 1540 872 1590 coetus

360 1616 517 1672 hominum
531 1619 633 1672 tristes
648 1613 834 1691 caedemque
849 1612 945 1671 feram

360 1696 423 1755 sola
437 1701 468 1753 in
484 1716 577 1754 vacuo
592 1715 716 1753 nemore
732 1703 764 1752 et
779 1699 866 1752 tenui

359 1799 441 1835 ramo
455 1778 593 1856 pendens
608 1776 734 1856 querulo
748 1796 867 1853 possem

358 1868 485 1937 gutture
499 1868 650 1918 maestum
664 1858 793 1916 fundere
809 1876 952 1915 murmur.

635 2007 749 2047 CHORVS

402 2085 529 2161 Regitur
542 2084 613 2142 fatis
628 2083 755 2141 mortale
768 2101 876 2158 genus,

359 2186 417 2223 nec
432 2166 488 2222 sibi
503 2169 662 2243 quisquam
675 2163 826 2240 spondere
840 2169 944 2239 potest

360 2247 478 2304 firmum
492 2254 525 2305 et
539 2245 680 2304 stabilem
693 2250 773 2302 vitae
788 2244 932 2303 cursum¹

359 2348 520 2406 perquem
534 2347 619 2385 casus
634 2326 728 2385 volvit
742 2330 838 2384 varios

359 2430 479 2486 semper
494 2411 580 2467 nobis
594 2407 761 2466 metuenda
774 2407 848 2465 dies.

359 2496 492 2549 animum
507 2491 629 2548 firment
644 2488 783 2565 exempla
802 2495 900 2559 tuum,

360 2578 420 2630 iam
434 2572 531 2630 multa
544 2571 651 2631 domus
665 2590 742 2648 quae
757 2577 857 2628 vestra
871 2567 950 2627 tulit.

361 2654 435 2731 quid
449 2657 564 2711 saevior
578 2660 626 2711 est
643 2653 776 2711 Fortuna
789 2652 868 2710 tibi?

401 2734 447 2792 Tu
462 2735 538 2791 mihi
552 2739 683 2811 primum

361 2823 409 2874 tot
423 2824 564 2874 natorum
577 2814 773 2873 memoranda
788 2832 907 2890 parens

361 2905 434 2955 nata
448 2898 613 2974 Agrippae,
628 2916 721 2954 nurus
735 2895 879 2973 Augusti,

273 3001 420 3066 ¹Readia9
439 3003 499 3052 with
520 3002 646 3052 uictura
660 3001 790 3064 proposed
806 2999 975 3051 emendation.
1012 2999 1065 3050 Leo
1084 3000 1146 3051 with

240 3068 281 3117 the
292 3068 370 3118 MSS.
385 3069 463 3118 raude
473 3067 578 3117 firmum
590 3072 618 3117 et
630 3067 725 3117 stabile
761 3067 775 3098 ⁸¹
842 3066 856 3097 *¹
917 3080 1050 3131 perquire.
1089 3067 1145 3117 wie

240 3134 336 3249 lacupdp
345 3132 406 3249 dtas
428 3134 487 3184 been
506 3133 639 3197 variously
653 3132 729 3196 filled
749 3132 803 3181 aad
824 3132 864 3181 tie
883 3147 996 3197 passage
1013 3129 1148 3196 varioiuly

241 3216 293 3249 ente
331 3213 343 3249 e
364 3237 370 3250 .
1182 3213 1186 3217 “

244 3286 303 3336 484
