2544 3862
386 302 476 359 THE
503 301 743 359 TRAGEDIES
772 301 827 358 OF
856 299 1017 358 SENECA

626 757 777 814 nunrrosl

403 916 422 950 ἱ»
544 915 563 950 ἦ
687 914 705 949 'k
829 914 847 949 ii
971 914 989 948 ii·
1091 912 1095 918 '

289 1036 470 1119 Exemplum
484 1039 516 1091 in
530 1039 638 1112 ingens
652 1037 736 1111 regia
750 1037 845 1109 stirpe
860 1032 979 1090 editum
1092 1039 1152 1090 320

246 1155 371 1212 Thebae
385 1162 532 1231 paventes
546 1173 628 1210 arma
641 1152 777 1210 fraterna
790 1156 932 1209 invocant

246 1283 415 1352 rogantque
430 1278 521 1332 tectis
534 1293 636 1331 arceas
649 1276 755 1349 patriis
769 1272 859 1330 faces,

246 1416 308 1452 non
322 1403 394 1453 sunt
407 1398 518 1465 minae,
532 1398 592 1449 iam
606 1397 730 1470 propius
744 1397 872 1451 accessit
886 1391 1019 1461 malum3

246 1535 317 1571 nam
331 1533 425 1591 regna
439 1521 583 1589 repetens
598 1513 692 1570 frater
706 1520 739 1570 et
753 1520 856 1587 pactas
869 1517 950 1569 vices

246 1638 277 1690 in
293 1633 373 1690 bella
387 1639 512 1689 cunctos
527 1630 673 1688 Graeciae
687 1631 815 1708 populos
828 1635 905 1717 agit.

245 1762 374 1830 septena
386 1771 488 1809 muros
501 1760 600 1810 eastra
613 1752 775 1809 Thebanos
789 1759 941 1827 premunt.

245 1888 395 1939 succurre,
410 1868 536 1945 prohibe
550 1872 665 1943 pariter
679 1875 711 1925 et
726 1866 841 1925 bellum
856 1874 889 1924 et
902 1866 1009 1924 scelus.
1091 1878 1094 1881 “

637 2120 759 2158 onulrvs

286 2234 353 2310 Ego
368 2233 419 2290 ille
434 2253 501 2291 sum
515 2236 567 2310 qui
581 2233 697 2291 scelera
710 2237 860 2291 committi
874 2240 977 2290 vetem

246 2362 278 2412 et
292 2356 438 2412 abstineri
453 2357 600 2430 sanguine
615 2373 633 2409 a
647 2373 716 2411 caro
730 2373 836 2411 manus

244 2473 394 2531 doceam?
435 2477 579 2549 magister
594 2476 666 2530 iuris
682 2481 714 2531 et
728 2476 836 2530 amoris
850 2477 892 2550 pii
1089 2477 1149 2529 330

244 2611 302 2667 ego
317 2593 404 2649 sum?
446 2610 582 2648 meorum
597 2590 763 2648 facinorum
778 2591 918 2667 exempla
931 2598 1092 2666 appetunt,

244 2730 294 2767 me
308 2730 390 2767 nunc
405 2718 567 2779 secuntur3
587 2711 679 2768 laudo
694 2718 727 2768 et
740 2729 871 2786 agnosco
885 2710 995 2780 libem,

246 2828 398 2899 exhortor,
413 2828 527 2907 aliquid
542 2838 577 2887 ut
591 2839 678 2906 patre
694 2829 750 2886 hoo
764 2829 892 2906 dignum
907 2837 1023 2905 gerant.

243 2954 336 3026 agite,
351 2970 370 3006 o
384 2969 518 3027 propago
533 2970 609 3021 cara,
625 2970 803 3028 generosam
818 2949 952 3007 indolem

275 3104 284 3135 ¹
303 3104 363 3167 Leo,
383 3106 444 3154 with
463 3105 489 3155 li
494 3112 520 3169 ψ,
534 3105 634 3168 osoiqns
654 3107 704 3157 thio
721 3108 809 3170 speech
826 3114 851 3155 to
869 3105 1015 3170 Antioooe:
1032 3104 1146 3164 Richter,

244 3170 304 3220 with
317 3170 352 3231 A,
366 3171 433 3234 qima
443 3171 464 3219 it
477 3179 502 3219 to
513 3171 638 3220 Nuntius.

245 3259 304 3316 370
