2514 3828
399 277 487 335 THE
514 275 753 334 TRAGEDIES
782 275 837 334 01²
865 272 1026 333 SENECA

258 414 348 472 quam
362 393 435 451 dum
449 412 558 470 sequor
571 400 675 450 coacta
688 396 841 469 praesenti
854 399 950 461 metu,

258 476 383 534 diducta
397 476 498 533 subito
512 478 613 551 patuit
627 477 747 550 ingenti
761 473 836 530 mihi

257 557 350 617 tellus
364 556 468 624 hiatu;
488 555 550 613 lata
564 576 624 633 quo
638 574 782 632 praeceps
796 561 878 612 toros

259 658 350 696 cerno
364 638 479 713 iugales
494 640 608 714 puriter
621 645 654 695 et
667 641 758 693 miror
770 655 864 706 meos,

258 723 290 775 in
305 723 371 796 quis
385 718 477 775 residi
491 718 577 775 fessa.
620 722 795 775 venientem
810 721 913 774 intuor

259 805 424 857 comitante
438 801 527 857 turba
541 803 701 876 coniugem
717 798 869 876 quondam
883 816 986 854 meum

258 889 444 958 natumque3
465 889 607 958 properat
621 888 728 958 petere
744 879 919 957 complexus
935 898 1019 936 meos
1103 881 1163 940 730

147 1026 149 1031 s
259 962 422 1039 Crispinus,
437 965 607 1020 intermissa
620 962 714 1019 libare
730 962 850 1036 oscula;

258 1047 367 1121 irrupit
380 1047 461 1101 intra
474 1051 558 1102 tecta
572 1063 642 1101 cum
655 1042 792 1119 trepidus
809 1061 878 1100 mea

259 1144 425 1202 ensemque
439 1124 544 1202 iugulo
558 1124 695 1182 condidit
709 1143 831 1182 saevum
846 1123 935 1180 Nero.

258 1206 384 1265 tandem
398 1211 534 1284 quietem
547 1226 676 1283 mugnus
690 1210 822 1263 excussit
834 1209 926 1262 timor
938 1223 945 1272 ;

259 1291 358 1364 quatit
371 1306 438 1345 ossa
452 1296 485 1346 et
497 1295 580 1346 artus
595 1286 732 1344 horridus
746 1295 864 1344 nostros
877 1293 992 1343 tremor

258 1369 419 1446 pulsatque
434 1377 560 1445 pectus3
580 1373 719 1426 continet
735 1387 840 1426 vocem
857 1371 958 1437 timor,

259 1469 349 1526 quam
362 1468 445 1506 nunc
459 1448 534 1506 fides
547 1453 705 1526 pietasque
719 1448 862 1526 produxit
875 1456 937 1505 tua.

258 1528 319 1587 heu
334 1528 407 1607 quid
421 1534 576 1587 minantur
588 1530 720 1587 inferum
733 1549 838 1586 manes
850 1528 926 1585 mihi

257 1618 311 1668 aut
325 1629 417 1688 quem
431 1629 568 1668 cruorem
582 1615 717 1688 coniugis
732 1610 793 1669 vidi
807 1612 892 1667 mei?

657 1782 769 1822 uvrnrx

300 1862 517 1942 Quaecumque
531 1867 644 1923 mentis
658 1868 755 1941 agitat
768 1861 928 1921 intentus¹
943 1864 1029 1939 vigor

259 1964 295 2003 ea
309 1965 364 2022 per
377 1949 513 2023 quietem
527 1964 611 2004 sacer
626 1952 658 2003 et
672 1963 797 2003 arcanus
811 1944 906 2002 refert

259 2026 409 2104 veloxque
424 2046 537 2085 sensus
580 2030 742 2103 coniugem
755 2025 904 2085 thalamos
918 2033 999 2083 toros

260 2107 370 2166 vidisse
383 2116 416 2166 te
431 2112 546 2165 miraris
559 2108 702 2185 amplexu
716 2111 787 2164 novi

259 2187 388 2246 haerens
401 2189 526 2246 mariti?
566 2188 621 2246 sed
634 2196 759 2247 movent
772 2188 854 2245 laeto
868 2187 918 2246 die

259 2268 379 2346 pulsata
392 2270 500 2347 palmis
514 2277 638 2347 pectora
652 2276 685 2327 et
699 2269 783 2328 fusae
798 2289 901 2327 comae
914 2271 925 2327 ?

261 2350 406 2409 Octaviae
420 2351 546 2409 discidia
560 2351 744 2428 planxerunt
757 2370 855 2409 sacros

259 2435 340 2490 inter
354 2440 482 2509 penates
495 2432 596 2491 fratris
611 2440 644 2490 et
657 2436 790 2510 patrium
804 2432 907 2490 larem.

259 2513 309 2571 fax
324 2513 385 2586 illa,
400 2533 490 2591 quam
505 2521 609 2572 secuta
623 2533 666 2586 es,
680 2514 838 2590 Augustae
852 2532 944 2571 manu

259 2594 394 2671 praelata
408 2594 522 2653 clarum
535 2613 648 2652 nomen
662 2594 774 2653 invidia
788 2596 845 2653 tibi

259 2683 380 2752 partum
394 2679 554 2734 ominatur.
596 2675 728 2734 inferum
743 2675 831 2735 sedes
845 2684 926 2733 toros
1103 2675 1164 2736 750

260 2756 384 2815 stabiles
397 2755 515 2815 futuros
529 2757 661 2835 spondet
675 2765 818 2816 aeternae
832 2756 948 2815 domus.

259 2837 364 2914 iugulo
378 2837 460 2916 quod
474 2858 580 2897 ensem
593 2838 731 2897 condidit
744 2842 885 2916 princeps
898 2845 980 2909 tuus,

259 2917 340 2976 bella
353 2918 436 2976 haud
449 2921 594 2994 movebit,
607 2940 682 2998 pace
697 2919 751 2978 sed
765 2918 879 2978 ferrum
892 2926 988 2997 teget.

420 3022 432 3056 ¹
449 3024 483 3075 So
496 3025 640 3077 Grmwviuc
648 3042 658 3077 .·
674 3025 735 3087 Leo,
748 3024 809 3075 wiri
820 3023 857 3086 A,
870 3024 991 3076 infestus.

617 3159 640 3192 ‘¹
656 3161 801 3226 Crispinus.
859 3193 865 3204 .
