2544 3840
346 336 351 346 ¹
379 273 467 331 THE
495 273 734 333 TRAGEDIES
762 274 817 333 OF
845 274 1006 333 SENECA

236 392 384 467 ignesque
398 397 515 466 torque.
559 388 678 464 vindiea
692 393 833 446 amissum
848 388 940 459 diem,

237 483 366 541 iaculare
382 483 525 553 flammas,
540 483 644 539 lumen
659 491 799 558 ereptum
813 483 883 559 polo

237 577 415 635 fulminibus
430 577 528 654 exple.
572 597 670 647 eausa,
685 597 725 634 ne
739 577 861 635 dubites
875 577 938 647 diu,

237 675 395 748 utriusque
409 671 488 727 mala
502 675 559 739 sit3
581 675 605 727 si
620 675 729 741 minus,
744 671 823 727 mala
836 675 876 730 sit
893 692 980 729 mea:

238 784 288 822 me
302 773 386 841 pete,
399 765 524 822 trisulco
539 763 707 822 flammeam
722 765 788 822 telo
802 763 899 822 facem

238 877 293 934 per
307 866 414 933 pectus
428 857 486 916 hoe
500 863 682 916 transmitte.
727 862 752 915 si
765 867 852 916 natos
867 867 954 935 pater
1066 866 1143 925 1090

238 951 364 1009 humare
379 959 412 1010 et
425 956 489 1029 igni
503 951 625 1010 tradere
640 961 777 1010 extremo
791 952 869 1023 volo,

239 1065 297 1121 ego
312 1065 378 1103 sum
393 1046 580 1104 cremandus.
624 1051 648 1104 si
662 1046 739 1103 nihil
754 1066 877 1123 superos
890 1054 994 1104 movet

238 1138 417 1217 nullumque
431 1139 502 1198 telis
517 1142 624 1215 impios
639 1160 753 1198 numen
767 1145 856 1217 petit,

238 1241 364 1290 aeterna
377 1253 437 1291 nox
451 1242 629 1310 permaneat
643 1243 674 1292 et
689 1236 824 1293 tenebris
840 1242 927 1311 tegat

239 1330 377 1385 inmensa
391 1328 488 1405 longis
503 1328 624 1387 scelera.
668 1329 722 1401 nil,
736 1329 837 1400 Titan,
852 1349 973 1406 queror,

240 1425 264 1479 si
279 1441 461 1499 perseveras.

640 1575 750 1613 Arssvs

465 1675 494 1731 N
496 1695 554 1732 unc
568 1695 651 1732 meas
665 1673 756 1732 laudo
770 1695 888 1745 manuS,

240 1786 323 1824 nune
336 1775 422 1842 parta
436 1788 507 1826 vera
521 1777 568 1827 est
582 1769 690 1847 palma.
734 1767 926 1846 perdideram
941 1766 1049 1838 scelus,

240 1863 299 1919 nisi
312 1864 354 1918 sic
369 1860 494 1920 doleres.
539 1863 648 1922 liberos
663 1866 745 1922 nasci
760 1862 834 1920 mihi

240 1975 322 2013 nunc
337 1955 436 2029 credo,
452 1963 541 2016 castis
556 1978 637 2016 nunc
651 1956 743 2016 fidem
757 1955 845 2015 reddi
860 1959 942 2014 toris.

623 2130 773 2170 THYESTES

283 2232 365 2305 Quid
379 2231 468 2289 liberi
482 2233 641 2290 meruere?

641 2407 752 2446 Arrsvs
1002 2455 1004 2459 ,

648 2495 739 2568 Quod
753 2496 875 2554 fuerant
888 2501 942 2553 tui.
1071 2502 1147 2553 1100

621 2675 771 2713 rrrvssras

285 2737 380 2795 Natos
395 2740 598 2813 parenti—

640 2889 750 2927 ATREVS

556 2977 665 3035 Fateor
679 2985 720 3043 et,
735 2976 816 3054 quod
830 2997 880 3036 me
894 2980 996 3049 iuvat»
1026 3051 1029 3057 ,

244 3065 352 3115 certos.

250 3234 307 3292 178
