2540 3858
354 299 443 357 THE
471 299 712 359 TRAGEDIES
740 301 796 360 OF
825 301 988 359 SENECA

214 414 328 470 bonum
343 423 399 486 est,
415 414 558 491 Thyesta,
574 416 655 493 quod
668 416 748 472 mala
762 407 882 493 ignoras
896 425 957 474 tua.

215 494 269 551 sed
284 504 317 552 et
331 495 388 552 hoc
402 498 522 572 peribit.
564 502 691 555 verterit
705 517 808 555 currus
821 497 895 555 licet

215 576 272 633 sibi
286 581 351 652 ipse
365 577 456 635 Titan
471 580 592 635 obvium
606 578 722 637 ducens
736 584 796 636 iter

215 658 411 736 tenebrisque
426 659 542 716 facinus
556 661 665 718 obruat
679 669 794 718 tetrum
809 665 893 718 novis

215 759 275 796 nox
289 744 379 796 missa
392 741 431 796 ab
445 748 513 798 ortu
527 749 665 818 tempore
680 742 780 799 alieno
794 746 903 819 gravis,
1039 808 1043 813 ,

214 828 319 879 tamen
334 821 499 880 videndum
513 831 568 880 est.
613 831 679 881 tota
693 823 841 901 patefient
855 823 942 880 mala.

609 1104 723 1142 CHORVS

377 1192 447 1265 Quo
461 1200 610 1250 terrarum
624 1212 828 1271 superumque
843 1213 962 1270 parenS,

336 1274 472 1342 cuiusad
488 1282 571 1332 ortus
585 1279 683 1333 noetis
697 1295 809 1351 opacae
1062 1279 1121 1340 790

335 1356 429 1413 decus
443 1375 533 1412 omne
547 1353 636 1432 fugit,
652 1376 712 1434 quo
725 1361 818 1414 vertis
832 1361 892 1416 iter

335 1436 497 1514 medioque
512 1436 594 1494 diem
608 1438 710 1514 perdis
725 1436 878 1515 Olympo?

336 1537 398 1588 cur,
415 1517 546 1588 Phoebe,
561 1526 630 1576 tuos
643 1524 722 1596 rapis
736 1523 897 1596 aspeetus?

335 1599 470 1657 nondum
485 1619 569 1656 serae
584 1604 709 1657 nuntius
722 1599 815 1657 horae

336 1676 484 1739 nocturna
498 1689 586 1756 vocat
600 1681 714 1738 lumina
729 1681 756 1737 V
757 1702 863 1758 esper;

336 1762 472 1820 nondum
487 1762 657 1838 Hesperiae
671 1762 784 1820 flexura
798 1771 883 1820 rotae

335 1845 421 1902 iubet
436 1848 579 1901 emeritos
593 1843 709 1901 solvere
724 1865 845 1913 currus;

335 1925 471 1982 nondum
485 1930 517 1982 in
530 1918 660 1984 nocteni‘
669 1918 817 2003 uergente
832 1926 882 1983 die

334 2010 426 2064 tertia
439 2010 523 2064 misit
536 2008 647 2064 bucina
661 2012 781 2083 signum
793 2028 801 2076 ;

335 2095 440 2164 stupet
453 2088 492 2145 ad
506 2089 624 2146 subitae
639 2097 777 2164 tempora
792 2108 886 2146 cenae
1059 2096 1118 2147 800

334 2168 470 2225 nondum
484 2166 570 2226 fessis
585 2169 683 2226 bubus
697 2176 803 2226 arator.

334 2249 408 2327 quid
422 2257 454 2306 te
468 2250 605 2306 aetherio
619 2250 739 2326 pepulit
753 2253 865 2307 cursu?

334 2350 412 2408 quae
427 2350 516 2388 causa
529 2339 599 2388 tuos
612 2330 710 2389 limite
726 2339 810 2389 certo

333 2413 447 2470 deiecit
461 2414 578 2489 equos?
620 2413 767 2490 numquid
782 2422 889 2490 aperto

333 2514 453 2551 earcere
469 2493 550 2551 Ditis
565 2497 637 2551 victi
650 2502 807 2571 temptant

334 2575 415 2633 bella
429 2575 602 2652 Gigantes?
643 2577 791 2654 numquid
806 2577 927 2655 Tityos-

332 2664 456 2735 pectore
471 2656 550 2715 fesso
564 2665 690 2714 renovat
703 2667 824 2716 veteres

332 2742 450 2795 saueius
463 2740 543 2796 iras?
583 2758 658 2795 num
672 2743 785 2797 reiecto

333 2819 412 2876 latus
427 2819 573 2896 explicuit
586 2828 691 2877 monte
706 2820 891 2898 Typhoeus?

331 2900 479 2977 numquid
494 2904 621 2958 struitur
634 2905 682 2957 via
698 2901 880 2978 Phlegraeos
1058 2909 1117 2961 810

331 2981 393 3037 alta
407 3001 462 3057 per
477 2982 579 3040 hostes
595 2990 627 3039 et
642 2982 848 3040 Thessalicum

332 3061 469 3119 Thressa*
476 3067 624 3139 premitur
641 3063 744 3120 Pelion
759 3064 860 3122 Ossa?

307 3192 316 3221 ¹
333 3193 373 3244 ie.
389 3194 435 3242 the
448 3193 529 3259 day's.
598 3194 609 3224 ²
626 3195 667 3249 ie.
682 3197 710 3245 in
723 3197 900 3260 mid-heaven,
914 3204 943 3248 at
954 3214 1030 3248 noon.

214 3274 270 3332 156
