2544 3840
368 306 457 363 THE
484 301 723 361 TRAGEDIES
752 300 807 359 OF
835 299 996 358 SENECA

349 422 455 480 flemus
469 420 586 489 dubios,
602 417 783 488 veneranda,
796 426 886 475 toros.

350 523 404 561 nos
418 502 547 559 Acheloi
561 509 664 558 tecum
678 499 784 556 solitae

350 584 469 662 pulsare
485 583 603 652 vadum,
618 601 687 637 cum
701 585 760 636 iam
776 580 905 637 tumidas

351 686 421 723 vere
436 672 559 741 peracto
573 670 702 739 poneret
716 662 812 719 undas

350 746 530 825 gracilisque
545 743 641 820 gradu
656 751 792 819 serperet
806 763 913 821 aequo,

351 849 408 886 nec
423 831 621 904 praecipitem
636 824 772 882 volveret
785 844 907 881 amnem
1074 828 1133 889 590

351 910 443 966 flavus
457 917 547 985 rupto
561 906 648 964 fonte
664 906 842 983 Lycormas;

352 1010 407 1049 nos
422 990 570 1047 Palladias
583 993 627 1046 ire
642 1008 696 1064 per
709 1006 774 1044 aras

352 1081 385 1129 et
399 1076 549 1148 virgineos
563 1069 716 1127 celebrare
731 1068 846 1138 choros

352 1174 407 1210 nos
421 1152 560 1210 Cadmeis
574 1154 657 1226 orgia
670 1149 751 1207 ferre

352 1244 455 1303 tecum
470 1233 576 1292 solitae
591 1232 713 1289 condita
727 1235 820 1302 cistis,

353 1336 423 1374 cum
437 1320 497 1372 iam
511 1315 597 1390 pulso
612 1312 711 1370 sidere
726 1314 849 1369 brumae

352 1402 444 1456 tertia
459 1396 536 1454 soles
552 1403 658 1452 evocat
671 1401 770 1451 aestas

353 1487 385 1537 et
399 1477 556 1554 spiciferae
572 1495 713 1532 concessa
727 1475 803 1532 deae

353 1560 458 1617 Attica
471 1566 585 1635 mystas
600 1557 696 1614 cludit
711 1555 843 1613 Eleusin.

353 1660 435 1697 nunc
449 1660 569 1717 quoque
584 1658 685 1695 casum
699 1657 921 1716 quemcumque
934 1641 1034 1708 timeS,
1077 1633 1137 1693 600
1191 1674 1197 1685 ι

354 1721 427 1779 fidas
442 1725 567 1778 comites
581 1724 684 1795 accipe
699 1718 787 1787 fatis3

354 1824 424 1861 nam
438 1823 504 1859 rara
518 1802 592 1859 fides
606 1803 659 1859 ubi
672 1806 732 1858 iam
745 1800 852 1858 melior

353 1885 476 1942 fortuna
489 1888 557 1942 ruit.

395 1966 441 2023 Tu
456 1970 639 2043 quicumque
654 1984 686 2022 es
700 1968 752 2042 qui
767 1972 886 2040 sceptra
900 1972 999 2034 teneS,

353 2049 427 2105 licet
441 2067 531 2104 omne
546 2054 600 2104 tua
613 2046 722 2121 vulgus
736 2050 768 2102 in
782 2045 851 2102 aula

355 2137 479 2186 centum
493 2131 607 2204 pariter
620 2126 725 2182 limina
739 2126 858 2202 pulset;

355 2230 424 2267 cum
438 2217 486 2267 tot
500 2208 620 2284 populis
634 2212 763 2283 stipatus
777 2227 837 2278 eas,

355 2296 387 2348 in
400 2299 448 2348 tot
462 2289 580 2367 populis
595 2294 644 2345 vix
658 2308 719 2345 una
730 2288 812 2346 fides.

355 2379 444 2430 tenet
457 2380 596 2430 auratum
609 2370 703 2427 limen
719 2370 837 2447 Erinys,

357 2462 389 2512 et
403 2474 471 2511 cum
485 2472 614 2530 magnae
629 2459 756 2527 patuere
770 2450 860 2522 fores,
1078 2447 1138 2507 610

355 2540 472 2594 intrant
486 2534 607 2591 fraudes
622 2537 763 2610 cautique
777 2532 839 2589 doli

354 2616 529 2692 ferrumque
543 2615 660 2683 latens3
683 2634 811 2691 cumque
826 2617 858 2670 in
872 2613 999 2690 populos

356 2697 476 2775 prodire
490 2716 585 2772 paras
601 2715 701 2753 comes
715 2695 828 2752 invidia
839 2703 894 2753 est.

268 2855 277 2886 ¹
295 2827 437 2906 identified
456 2854 492 2920 by
512 2854 607 2906 Strabo
626 2855 692 2904 with
711 2854 757 2904 the
780 2854 893 2914 Euenus,
915 2870 931 2903 a
947 2853 1142 2919 neighbouring

236 2923 307 2972 river
320 2922 348 2971 of
359 2920 473 2970 Aetolia.

268 2985 352 3036 2ΤΙιθ
374 2988 465 3035 sacred
488 2984 590 3049 objectu
612 2986 678 3035 used
700 2987 728 3035 in
755 2985 802 3035 the
828 2985 952 3050 orgis-utic
976 2983 1092 3048 worship
1115 2983 1143 3034 of

236 3052 389 3233 Ξὲοὲυἰῗοά
409 3117 437 3165 in
454 3116 501 3165 the
518 3120 578 3165 text
598 3115 747 3166 Cadmaean
763 3115 831 3165 from
848 3114 972 3175 Cadmus,
991 3114 1104 3165 founder
1114 3113 1143 3163 of

279 3199 293 3233 e
327 3198 347 3232 s.

238 3273 297 3323 234
