2538 3846
361 289 449 346 THE
479 289 719 348 TRAGEDIES
748 291 803 350 OF
831 290 991 349 SENECA

136 449 141 461 .
223 403 330 461 domus
344 412 377 461 et
392 403 525 462 nefando
539 388 606 462 total
621 413 764 463 contactu
777 405 902 463 horruit.

222 493 325 542 actum
340 494 387 543 est
401 485 523 543 abunde
538 487 543 543 !
586 485 714 562 gradere
728 487 766 543 ad
782 486 917 546 infernos
932 508 1039 565 specus

222 575 544 643 amnemquenotum3
565 571 625 624 iam
639 576 727 625 tuum
742 576 876 626 maestae
890 570 1001 646 pedem

222 656 322 705 terrae
336 656 507 724 gravantur.
551 653 649 706 cernis
664 657 699 706 ut
713 649 814 707 fontes
828 649 926 727 liquor

222 733 369 787 introrsus
383 738 469 787 actus
483 729 611 807 linquat,
627 738 662 787 ut
676 735 758 807 ripae
773 741 883 789 vacent

222 818 392 889 ventusque
407 830 487 868 raras
500 815 609 887 igneus
623 813 719 870 nubes
733 812 832 870 ferat?

222 890 361 967 pallescit
375 896 472 949 omnis
486 894 574 950 arbor
587 914 622 950 ac
636 892 735 952 nudus
750 899 838 965 stetit
1070 902 1126 953 11.0

222 971 362 1049 fugiente
375 993 466 1049 pomo
480 993 589 1044 ramus
604 983 637 1032 et
651 994 711 1052 qua
724 975 864 1033 fluctibus

222 1053 306 1110 illinc
320 1058 495 1132 propinquis
510 1054 642 1112 Isthmos
656 1064 749 1133 atque
763 1056 846 1113 illinc
861 1056 965 1115 fremit

222 1138 320 1192 vicina
333 1135 439 1208 gracili
453 1136 592 1200 dividens
607 1145 688 1194 terra
702 1138 787 1208 vada,

221 1216 313 1293 longe
328 1225 460 1275 remotos
474 1217 546 1275 litus
561 1217 684 1275 exaudit
703 1238 799 1276 sonos

220 1301 281 1355 iam
296 1297 396 1356 Lerna
409 1306 491 1357 retro
506 1304 596 1358 cessit
610 1308 643 1358 et
658 1299 845 1361 Phoronides

221 1378 339 1437 latuere
354 1376 449 1437 venae
465 1401 522 1438 nec
537 1401 604 1438 suas
619 1380 735 1457 profert
748 1402 832 1440 sacer

221 1459 358 1536 Alpheos
372 1460 469 1517 undas
484 1470 517 1519 et
531 1461 721 1519 Cithaeronis
731 1467 802 1538 iuga

221 1547 305 1598 stant
319 1549 406 1616 parte
420 1541 505 1598 nulla
519 1540 592 1598 cani
606 1542 745 1618 depositi
758 1547 828 1599 nive

220 1625 393 1698 timentque
408 1630 544 1680 veterem
558 1623 675 1680 nobiles
690 1623 766 1700 Argi
780 1628 869 1681 sitim.

221 1722 261 1759 en
275 1706 340 1778 ipse
355 1702 446 1760 Titan
460 1703 582 1762 dubitat
595 1724 634 1761 an
648 1705 752 1762 iubeat
766 1710 852 1782 sequi
1068 1713 1125 1763 120

220 1792 371 1861 cogatque
386 1784 514 1843 habenis
527 1789 571 1843 ire
585 1790 754 1862 periturum
769 1787 858 1845 diem.

617 2020 730 2057 cflouvs

380 2103 479 2180 Argos
494 2104 533 2162 de
548 2110 664 2180 superis
679 2109 703 2161 si
717 2109 784 2181 quis
795 2099 962 2161 Achaicum

344 2184 522 2261 Pisaeasque
538 2185 643 2242 domos
657 2185 793 2242 curribus
809 2185 938 2255 inclitas,

343 2264 452 2322 Isthmi
468 2271 492 2324 si
507 2271 573 2343 quis
587 2273 669 2322 amat
684 2284 779 2340 regna
794 2264 943 2322 Corinthii

342 2355 375 2404 ct
389 2355 495 2423 portus
509 2350 646 2423 geminos
661 2354 694 2403 et
707 2365 789 2402 mare
804 2345 962 2418 dissidens,

342 2432 366 2485 si
381 2433 448 2505 quis
462 2428 593 2505 Taygeti
608 2431 783 2502 conspicuas
797 2431 891 2498 nives

342 2528 415 2585 quas
430 2529 499 2566 cum
513 2508 696 2573 Sarmaticus
710 2516 847 2584 tempore
861 2508 972 2585 frigido

342 2595 374 2646 in
388 2593 513 2647 summis
527 2582 637 2646 Boreas
652 2594 820 2666 composuit
830 2594 921 2667 iugis,
995 2598 996 2602 ’

342 2679 441 2728 aestas
455 2669 588 2728 veliferis
602 2670 691 2729 solvit
705 2671 825 2742 Etesiis,

342 2771 434 2829 quem
448 2756 549 2829 tangit
564 2752 666 2829 gelido
680 2752 803 2810 flumine
817 2752 935 2809 lucidus
1068 2760 1124 2811 130

343 2831 488 2909 AlpheoS,
503 2833 601 2891 stadio
615 2842 705 2891 notus
720 2833 890 2910 Olympico,

342 2913 481 2972 advertat
495 2915 647 2992 placidum
662 2935 776 2972 numen
791 2922 823 2971 et
837 2921 947 2983 arceat,

342 2995 478 3054 alternae
492 2997 640 3054 scelerum
654 3015 694 3053 ne
709 2994 837 3052 redeant
851 2999 931 3058 vices

341 3097 399 3135 nec
413 3078 556 3136 succedat
569 3099 625 3135 avo
638 3077 772 3134 deterior
785 3095 880 3152 nepos
