2556 3844
360 289 448 347 THE
476 289 716 348 TRAGEDIES
744 290 798 349 OF
827 290 988 349 SENECA

219 413 353 485 virtusne
368 414 508 483 superest
522 407 622 483 aliqua
638 414 670 463 et
683 414 817 464 armatae
831 426 938 462 manus

217 498 380 556 intendere
395 517 498 554 arcum
512 497 576 554 tela
591 501 750 554 missurum
764 496 892 554 valent?

216 609 256 645 an
269 607 352 644 arma
365 594 485 644 cessant
498 596 592 664 teque
607 587 767 662 languenti
786 606 876 643 manu

217 698 278 735 non
293 677 379 734 audit
393 679 499 734 arcus?
542 681 567 733 si
582 683 669 753 potes
684 676 781 749 letum
795 677 877 746 dare,

217 772 351 824 animose
366 770 507 837 coniunx,
522 767 681 824 dexteram
696 774 826 842 expecto
839 774 932 823 tuam.

216 877 297 914 mors
311 856 467 914 differatur
479 877 486 926 ;
507 855 615 933 frange
630 865 665 914 ut
679 860 833 915 insontem
847 856 973 926 Lichan,

216 946 288 1004 alias
302 952 334 1003 in
348 948 438 1005 urbes
453 968 561 1024 sparge
577 955 609 1004 et
623 952 763 1024 ignotum
778 947 834 1004 tibi

215 1042 338 1095 inmitte
352 1041 385 1093 in
399 1038 511 1095 orbem.
555 1038 649 1114 perde
665 1044 700 1094 ut
713 1036 862 1094 Arcadiae
877 1036 962 1093 nefas
1063 1044 1125 1103 980

216 1137 249 1186 et
264 1128 411 1205 quidquid
426 1128 508 1185 aliud
523 1128 657 1195 cessit13
677 1128 715 1183 ab
730 1126 789 1184 illis
803 1136 917 1197 tamen,

216 1222 358 1289 coniunx,
372 1217 487 1276 redisti.

615 1373 727 1412 uvitvs

480 1445 572 1501 Parce
587 1450 656 1514 iarn,
672 1451 779 1513 mater,
794 1462 908 1519 precor,

216 1537 339 1609 ignosce
355 1533 445 1601 fatis;
467 1552 550 1589 error
563 1554 581 1589 a
596 1532 685 1608 culpa
698 1540 793 1590 vacat.

597 1708 740 1746 narnium

257 1780 289 1839 Si
303 1800 373 1838 vera
388 1786 493 1857 pietaS,
510 1779 616 1857 Hylle,
631 1780 804 1857 quaerenda
818 1788 865 1838 est
878 1781 945 1849 tibi,

215 1875 275 1928 iam
289 1875 404 1947 perime
419 1870 710 1947 matrem-trepida
724 1869 798 1947 quid
812 1874 939 1927 tremuit
952 1872 1080 1926 manus?

216 1961 288 2038 quid
303 1981 355 2017 ora
368 1961 487 2017 flectis?
529 1960 586 2017 hoc
602 1965 661 2018 erit
675 1964 772 2036 pietas
787 1960 892 2017 scelus.

215 2055 323 2126 ignave
338 2050 481 2106 dubitas?
526 2049 694 2106 Herculem
710 2053 821 2125 eripuit
835 2049 892 2105 tibi

215 2139 300 2208 haec,
314 2138 389 2194 haec
404 2141 535 2213 peremit
549 2138 656 2195 dextra
670 2141 718 2193 cui
732 2136 826 2194 debes
840 2141 918 2212 patri

215 2248 303 2285 avum
318 2228 497 2286 Tonantem.
540 2232 636 2284 maius
651 2231 747 2302 eripui
762 2226 863 2297 decuS,

216 2338 306 2395 quam
321 2322 352 2374 in
366 2317 435 2374 luce
449 2319 550 2375 tribui.
594 2321 619 2374 si
633 2318 690 2374 tibi
704 2320 845 2392 ignotum
859 2325 906 2374 est
920 2316 1015 2388 nefas,
1061 2323 1121 2383 990

215 2429 232 2464 a
246 2415 343 2465 matre
358 2407 449 2464 disce.
493 2428 546 2465 seu
560 2408 617 2464 tibi
631 2407 734 2483 iugulo
748 2407 850 2483 placet

215 2501 354 2555 mersisse
369 2497 482 2554 ferrum
497 2502 559 2554 sive
574 2506 746 2554 maternum
759 2498 836 2555 libet

214 2586 357 2644 invadere
373 2594 505 2659 uterum,
518 2596 616 2645 mater
629 2588 817 2664 intrepidum
831 2590 888 2646 tibi

215 2678 375 2754 praebebit
389 2681 531 2735 animum.
575 2698 638 2734 non
653 2683 711 2735 erit
725 2686 846 2735 tantum
861 2678 958 2735 scelus

214 2776 278 2824 ate
293 2775 450 2847 peractum
462 2787 470 2835 ;
492 2768 618 2825 dextera
632 2775 750 2825 sternar
763 2777 826 2838 tua,

215 2856 269 2914 sed
283 2865 388 2913 mente
403 2865 514 2915 nostra.
557 2865 647 2915 natus
662 2858 798 2927 Alcidae,
813 2858 924 2914 times?

214 2951 258 3003 ita
271 2946 354 3002 nulla
369 2966 498 3023 perages
512 2952 591 3004 iussa
605 2967 662 3004 nec
676 2947 798 3022 franges
812 2944 913 3002 mala²

248 3050 257 3080 ¹
277 3052 373 3113 †cessit
385 3050 445 3110 Leo,
460 3050 520 3100 with
532 3051 559 3101 Ε
565 3072 572 3100 .·
590 3052 693 3101 restitit
705 3051 739 3100 A.

248 3116 258 3146 2
276 3116 342 3165 Line
354 3120 412 3178 998,
426 3116 531 3166 omitted
543 3117 576 3179 by
587 3117 620 3178 Ε,
640 3117 737 3167 deleted
749 3117 781 3179 by
793 3116 861 3166 Leo:
876 3132 945 3166 erres
956 3133 1004 3180 per
1020 3116 1118 3172 orbern.

215 3184 237 3231 si
250 3197 304 3246 qua
316 3186 440 3231 nascetur
451 3181 514 3233 fera.

217 3253 276 3314 266
