2538 3846
332 264 421 321 THE
448 262 687 320 TRAGEDIES
716 262 771 320 OF
799 260 962 320 SENECA

315 399 456 437 exercere
470 398 586 435 manus.
629 377 683 434 has
698 378 749 435 ubi
764 377 892 453 protulit

315 469 348 518 et
361 460 425 518 falli
439 460 538 530 libuit,
552 467 636 517 totus
650 463 683 516 in
696 458 823 516 arduum

314 550 478 599 autumnus
492 545 608 617 rapitur
621 540 754 617 silvaque
769 540 895 597 mobilis.

314 629 408 682 instat
422 622 535 680 deinde
550 626 614 679 sitis
629 643 690 679 non
705 621 800 679 levior
814 620 915 690 fame;

316 726 375 782 qua
390 725 458 762 cum
473 703 622 781 percaluit
636 707 757 779 sanguis
771 711 804 760 et
818 708 915 779 igneis
1041 707 1097 765 170

316 790 427 843 exarsit
441 786 565 855 facibus,
581 793 642 842 stat
655 788 746 842 miser
760 786 862 841 obvios

315 867 423 924 fluctus
437 887 489 923 ore
503 874 622 943 petens
638 886 712 943 quos
726 865 872 942 profugus
885 867 968 924 latex

315 953 426 1006 avertit
441 948 537 1005 sterili
551 948 695 1005 deficiens
709 948 786 1004 vado

316 1038 538 1106 conantemque
553 1033 638 1106 sequi
652 1029 784 1097 deserit3
805 1029 855 1086 hic
870 1031 948 1086 bibit

315 1111 411 1169 altum
425 1111 465 1168 de
480 1111 584 1187 rapido
598 1115 720 1187 gurgite
735 1110 900 1187 pulverem.

591 1312 702 1350 Aruuvs

236 1401 359 1479 lguave,
373 1406 463 1470 inerS,
479 1404 597 1458 enervis
612 1408 644 1458 et
660 1399 753 1477 (quod
772 1405 935 1458 maximum

194 1485 337 1560 probrum
350 1491 480 1559 tyranno
494 1484 584 1540 rebus
597 1485 630 1537 in
644 1485 768 1538 summis
781 1482 861 1556 reor)

195 1564 303 1634 inulte,
318 1571 449 1639 post'tot
463 1562 586 1632 scelera,
601 1570 669 1638 post
683 1561 784 1619 fratris
798 1562 882 1619 dolos

193 1646 299 1722 fasque
313 1665 403 1703 omne
417 1653 541 1721 ruptum
556 1644 712 1720 questibus
730 1647 814 1700 vanis
832 1648 896 1721 agis

194 1732 288 1785 iratus
304 1727 438 1784 Atreus?
479 1725 609 1782 fremere
624 1728 683 1781 iam
697 1732 780 1783 totus
794 1729 854 1783 tuis
1041 1734 1097 1784 180

194 1809 327 1866 debebat
340 1812 430 1865 armis
444 1808 524 1864 orbis
539 1814 571 1863 et
584 1810 741 1883 geminum
754 1826 837 1864 mare

194 1894 347 1966 utrimque
362 1889 472 1946 classes
486 1907 588 1965 agere,
602 1892 661 1945 iam
675 1887 801 1945 flammis
815 1909 902 1966 agros

193 1971 295 2029 lucere
311 1979 343 2029 et
358 1972 447 2028 urbes
461 1970 565 2028 decuit
579 1990 613 2026 ac
628 1974 766 2027 strictum
780 1970 915 2048 undique

193 2057 304 2110 micare
319 2052 441 2109 ferrum.
484 2058 549 2108 tota
564 2052 619 2109 sub
634 2059 736 2108 nostro
751 2059 839 2108 sonet

195 2132 336 2209 Argolica
350 2131 442 2189 tellus
456 2136 559 2207 equite
571 2152 578 2200 ;
599 2152 661 2188 non
675 2131 767 2188 silvae
786 2139 895 2208 tegant

194 2214 314 2271 hostem
329 2233 386 2270 nec
400 2213 469 2269 altis
483 2217 632 2270 montium
647 2219 780 2269 structae
794 2216 872 2290 iugis

194 2313 295 2363 arces3
316 2294 429 2352 relictis
443 2294 585 2351 bellicum
600 2301 683 2350 totus
698 2301 787 2350 canat

194 2376 323 2453 populus
338 2377 485 2453 Mycenis,
500 2378 633 2452 quisquis
647 2378 776 2432 invisum
790 2385 882 2452 caput

195 2461 275 2535 tegit
288 2478 323 2514 ac
337 2465 451 2527 tuetur,
467 2456 553 2513 clade
568 2457 689 2514 funesta
703 2456 829 2514 occidat.

194 2538 270 2596 haec
284 2543 348 2615 ipsa
362 2538 480 2614 pollens
494 2537 592 2595 incliti
607 2537 727 2613 Pelopis
741 2539 848 2596 domus
1040 2542 1096 2602 190

194 2628 262 2677 ruat
276 2620 324 2677 vel
339 2624 371 2676 in
385 2640 444 2690 me,
459 2619 623 2676 dummodo
636 2623 668 2676 in
682 2618 807 2678 fratrem
821 2626 897 2677 ruat.

194 2720 261 2777 age,
275 2705 385 2771 anime,
400 2700 447 2758 fae
461 2700 543 2777 quod
551 2700 640 2758 inulla
654 2705 815 2778 posteritas
829 2701 948 2776 probet,

195 2783 250 2840 sed
263 2782 346 2839 nulla
359 2790 468 2839 taceat.
510 2781 633 2859 aliquod
646 2781 821 2839 audendum
836 2788 883 2838 est
897 2778 982 2838 nefas

172 2922 175 2927 ,
192 2871 290 2934 atrox,
306 2871 475 2934 cruentum,
490 2863 552 2920 tale
567 2863 646 2940 quod
662 2862 756 2920 frater
769 2881 855 2919 meus

195 2963 283 3002 suurn
298 2964 363 3003 esse
377 2944 491 3002 mallet.
535 2944 648 3010 scelera
662 2962 724 3000 non
738 2943 900 3014 ulcisceris,

195 3029 253 3083 nisi
267 3030 369 3084 vincis.
413 3024 532 3102 etquid
547 3044 612 3083 esse
626 3033 690 3081 tam
705 3044 826 3082 saevum
841 3032 943 3101 potest

228 3154 237 3186 ²
254 3156 311 3206 Not
322 3156 433 3205 because
444 3156 478 3205 he
489 3154 579 3215 failed,
593 3154 641 3204 but
653 3155 763 3205 because
771 3155 808 3237 ⁸he
819 3156 916 3207 almost
926 3157 1079 3210 succeeded.

199 3245 254 3295 104

1257 2460 1259 2531 l
