2544 3840
358 290 447 348 THE
475 289 715 349 TRAGEDlES
744 290 799 350 OF
826 290 985 349 SENECA

217 410 372 464 vincemus
387 407 502 476 ambos,
516 425 683 483 consequar
696 405 760 462 telo
774 404 907 482 fugam.”

216 505 380 577 praecessit
393 520 479 557 arcus
494 501 606 569 verba3
627 507 694 556 turn
708 499 834 576 longum
848 499 950 557 ferens

215 594 352 652 harundo
366 593 476 651 vulnus
490 598 592 651 tenuit
606 593 785 651 haerentem
800 593 904 670 fugam

216 695 407 765 mortemque
422 687 495 744 fixit.
539 687 601 759 ille,
616 692 676 744 iam
690 707 839 765 quaerens
853 684 946 759 diem,

216 783 322 841 tabum
335 781 501 840 fluenteml
516 781 648 840 volneris
662 781 771 840 dextra
785 785 899 858 excipit
1062 788 1122 839 520

215 876 369 954 traditque
384 876 471 933 nobis
486 876 618 953 ungulae
634 881 782 934 insertum
796 895 878 946 suae,

216 991 306 1048 quam
320 970 400 1029 forte
414 990 503 1028 saeva
517 971 647 1029 sciderat
660 970 792 1041 avolsam
806 990 906 1028 manu.

215 1075 290 1123 tune
304 1066 396 1123 verba
408 1070 539 1123 moriens
554 1065 658 1134 addit;
680 1070 700 1097 “
708 1065 765 1122 hoc
775 1064 792 1085 ''
808 1068 909 1142 inquit
923 1070 942 1111 ‘f
953 1084 1060 1140 magae

215 1159 319 1218 dixere
334 1177 466 1216 amorem
481 1177 568 1235 posse
583 1157 676 1234 defigi
690 1157 769 1215 malo
781 1177 788 1225 ;

215 1249 272 1306 hoc
286 1249 376 1307 docta
392 1247 511 1326 Mycale
526 1247 684 1306 Thessalas
698 1247 803 1306 docuit
816 1267 919 1319 nurus

215 1364 306 1400 unam
321 1348 402 1400 inter
416 1362 521 1400 omnes
537 1342 624 1400 Luna
637 1362 728 1420 quam
742 1346 880 1419 sequitur
893 1360 996 1417 magas

214 1442 301 1495 astris
315 1436 437 1494 relictis.
480 1436 582 1495 inlitas
596 1444 697 1494 vestes
711 1435 797 1493 dabis

216 1530 272 1587 hac
283 1531 299 1552 ’⁵
315 1535 415 1608 inquit
431 1535 522 1606 “ipsa
537 1530 618 1600 tabe,
633 1535 658 1588 si
672 1530 781 1607 paelex
795 1538 865 1588 tuos

216 1629 312 1683 invisa
326 1623 475 1682 thalamos
489 1624 597 1682 tulerit
611 1633 644 1683 et
658 1628 789 1682 coniunx
804 1625 879 1683 levis

215 1719 305 1777 aliam
319 1723 440 1796 parenti
454 1717 575 1777 dederit
592 1718 722 1777 altisono
738 1738 856 1776 numm.
1063 1723 1122 1775 530

216 1815 273 1872 hoc
288 1814 372 1872 nulla
386 1814 437 1871 lux
453 1818 628 1890 conspiciat,
644 1814 702 1871 hoc
716 1815 862 1872 tenebrae
877 1819 987 1890 tegant

216 1918 338 1968 tantum
352 1917 487 1966 remotae
500 1927 508 1977 ;
529 1911 571 1966 sic
586 1917 695 1985 potens
710 1912 788 1965 vires
802 1927 870 1965 suas

217 2008 338 2081 sanguis
352 2002 500 2061 tenebit.''
545 2003 635 2061 verba
649 2000 813 2080 deprendit
827 2005 912 2079 quies

219 2105 411 2174 mortemque
425 2096 510 2155 lassis
524 2096 630 2153 intulit
643 2097 787 2153 membris
801 2115 897 2172 sopor.

259 2191 316 2261 Tu,
332 2210 422 2267 quam
436 2194 512 2247 meis
526 2189 664 2246 admittit
676 2193 791 2246 arcanis
805 2189 891 2261 fides,

218 2304 312 2362 perge
327 2292 362 2342 ut
375 2289 528 2342 nitentem
542 2286 622 2340 virus
637 2287 669 2339 in
683 2288 800 2339 vestem
815 2282 922 2340 datum

218 2387 356 2437 mentem
369 2399 424 2456 per
437 2386 519 2436 artus
533 2376 624 2434 adeat
638 2384 671 2435 et
684 2381 812 2435 tacitum
825 2398 930 2436 means
941 2377 953 2416 2

217 2479 313 2533 intret
326 2473 475 2532 medullas

613 2584 725 2623 NVTRIX

490 2672 584 2730 Ocius
599 2677 676 2730 iussa
690 2692 846 2750 exsequar,

222 2770 354 2839 alumna,
369 2747 509 2844 precidus
522 2774 556 2824 tu
572 2767 664 2824 deum
678 2772 826 2825 invictum
839 2767 961 2838 advoca,

221 2867 273 2941 qui
288 2870 371 2920 certa
385 2869 493 2919 tenera
506 2860 569 2919 tela
583 2861 712 2920 dimittit
725 2880 825 2919 manu.
1064 2866 1123 2918 540

252 3034 262 3066 ¹
279 3035 313 3085 So
325 3035 351 3085 li
358 3051 367 3084 .·
384 3035 436 3084 Leo
448 3033 546 3086 fluente
558 3053 563 3084 ε
582 3034 670 3085 tabem
682 3034 789 3085 fluentis
800 3034 835 3085 A.

234 3168 239 3178 .
252 3100 264 3131 ²
279 3100 314 3151 So
332 3099 453 3150 Richter·
468 3105 558 3152 taetus
576 3102 650 3151 sinus
661 3100 685 3150 A
696 3117 706 3150 .·
721 3102 821 3151 tacitus
840 3116 896 3150 mas
916 3099 942 3149 d
947 3116 956 3149 .·
976 3099 1029 3150 Leo
1048 3102 1124 3150 tactu

218 3182 299 3217 smus.

221 3258 278 3308 228
