2556 3844
365 297 453 354 THE
481 296 720 357 TRAGEDIES
750 297 805 355 OF
833 297 995 354 SENECA

225 414 279 471 sed
294 434 375 484 ecce,
389 414 497 470 lassam
511 412 626 470 deserit
639 420 776 470 mentem
791 418 877 489 quies
1055 420 1133 471 1430

226 514 388 591 redditque
402 514 507 570 morbo
521 531 628 587 corpus
644 519 676 568 et
690 511 806 568 luctum
822 511 904 567 mihi.

606 719 753 757 Hancvtns

268 833 350 906 Quid
364 832 447 889 hoc?
488 835 601 908 rigenti
615 835 749 889 cernitur
763 831 894 889 Trachin
908 835 979 909 iugo

227 941 279 991 aut
294 937 375 989 inter
390 939 470 988 astra
484 934 598 1007 positus
614 935 694 987 evasi
708 950 805 1007 genus
862 932 867 943 '

227 1029 354 1088 mortale
368 1029 516 1086 tandem?
558 1031 624 1104 quis
638 1027 713 1084 mihi
727 1027 844 1085 caelum
859 1030 968 1105 parat?

227 1137 259 1187 te
274 1137 316 1199 te,
331 1137 427 1204 pater,
442 1131 502 1183 iam
516 1122 614 1197 video,
629 1126 778 1203 placatam
793 1147 914 1204 quoque

227 1235 333 1303 specto
347 1245 514 1283 novercam.
558 1229 625 1301 quis
640 1244 729 1281 sonus
744 1233 860 1282 nostras
875 1224 948 1283 ferit

226 1324 365 1382 caelestis
380 1325 490 1381 aures?
532 1323 609 1379 Iuno
623 1342 673 1379 me
688 1342 835 1399 generum
849 1329 937 1380 vocat
952 1323 957 1379 !
1065 1351 1069 1363 ι

226 1423 315 1480 video
329 1427 482 1479 nitentem
497 1425 611 1498 regiam
626 1421 698 1477 clari
712 1421 845 1479 aetheris

228 1520 404 1597 Phoebique
418 1524 522 1576 tritam
537 1519 675 1576 flammea
688 1539 796 1577 zonam
811 1528 886 1577 rota.

227 1617 326 1675 cubile
341 1617 430 1674 video
445 1616 568 1685 Noctis3
589 1616 660 1673 hinc
674 1619 821 1675 tenebrae
835 1618 969 1676 vocant.l
1052 1623 1130 1675 1440

268 1715 351 1788 Quid
365 1715 446 1772 hoc?
488 1719 555 1792 quis
569 1735 669 1772 arcem
684 1715 780 1773 cludit
795 1725 828 1773 et
842 1718 880 1773 ab
894 1721 975 1793 ipsiS,
990 1724 1086 1793 pater,

227 1815 353 1872 deducit
367 1816 476 1871 astris?
519 1834 570 1870 ora
585 1813 744 1871 Phoebeus
757 1813 848 1871 modo

227 1913 345 1971 afflabat
359 1917 431 1984 axis,
446 1917 506 1970 iarn
521 1932 615 1990 prope
630 1933 648 1969 a
663 1913 746 1970 caelo
761 1911 846 1970 fui—

227 2012 377 2070 Trachina
390 2011 486 2070 video.
531 2016 598 2089 quis
611 2012 686 2069 mihi
700 2020 796 2069 terras
811 2012 919 2069 dedite

228 2110 308 2168 Oete
323 2110 413 2166 modo
428 2110 506 2166 infra
520 2118 649 2167 steterat
663 2130 698 2166 ac
711 2118 795 2167 totus
809 2109 869 2168 fuit

226 2211 399 2285 suppositus
413 2209 500 2264 orbis.
544 2227 634 2284 quam
649 2209 728 2264 bene
743 2208 907 2279 excideras,
922 2209 1026 2268 dolor!

227 2310 309 2384 cogis
322 2306 542 2382 fateri-parce
558 2314 591 2363 et
605 2305 683 2361 hanc
698 2325 802 2363 vocem
818 2327 938 2383 occupa.

269 2406 348 2476 Hoc,
364 2404 469 2482 Hylle,
484 2404 565 2462 dona
578 2409 682 2462 matris
697 2405 754 2461 hoc
769 2425 879 2463 munus
893 2414 1010 2481 parant.

227 2507 345 2561 utinam
359 2503 466 2561 liceret
480 2507 585 2580 stipite
600 2508 721 2581 ingesto
735 2508 858 2581 impiam

227 2602 387 2678 effringere
401 2607 532 2658 animam
547 2603 636 2679 quale
651 2602 850 2660 Amazonium
864 2603 977 2660 malum
1053 2611 1131 2662 1450

227 2704 304 2756 circa
319 2700 425 2757 nivalis
440 2700 563 2758 Caucasi
577 2701 680 2757 domui
694 2701 782 2763 latus

227 2816 245 2853 o
259 2816 328 2853 cara
342 2797 477 2874 Megara,
491 2807 567 2856 tune
582 2819 651 2855 cum
666 2797 798 2856 furerem
811 2799 887 2856 mihi

226 2900 357 2953 coniunx
371 2895 480 2954 fuisti?
522 2901 658 2973 stipitem
672 2904 764 2975 atque
778 2917 863 2955 arcus
877 2898 959 2969 date,

229 3099 319 3226 1414400
338 3101 444 3150 Richter
463 3101 523 3150 with
541 3100 620 3150 MSS.
641 3101 734 3150 order:
753 3100 805 3151 Leo
822 3104 901 3152 reoda
921 3102 972 3152 thia
991 3102 1042 3152 line
1061 3104 1132 3165 oster

227 3255 286 3307 300
