2544 3862
353 287 442 344 THE
470 286 710 344 TRAGEDIES
739 286 794 343 OF
821 285 982 344 SENECA

256 401 302 458 Tu
317 421 397 477 pone
411 401 535 471 ferrum,
550 421 638 458 causa
652 406 704 478 qui
718 400 790 457 ferri
804 420 837 458 es
851 404 939 477 prior.

214 499 239 551 si
253 499 335 571 pacis
349 495 452 552 odium
467 503 523 564 est,
538 494 639 552 furere
653 500 677 551 si
692 494 773 551 bello
787 493 899 571 placet,
911 539 914 543 >

214 588 350 646 inducias
364 597 396 646 te
411 597 509 646 mater
523 594 648 664 exiguas
661 596 759 664 rogat,

213 681 293 740 ferat
306 691 342 740 ut
355 702 476 740 reverso
490 691 560 759 post
576 681 680 758 fugam
695 690 768 739 nato
782 681 883 738 oscula

214 775 262 833 vel
277 780 373 852 prima
387 776 436 834 vel
450 796 598 853 suprema.
641 777 714 839 dum
729 796 836 853 pacem
850 783 933 851 peto,

213 871 317 927 audite
330 875 470 929 inermes.
513 871 565 928 ilie
579 879 622 941 te,
636 880 669 929 tu
685 871 772 927 illum
786 872 899 927 times?

213 984 271 1040 ego
285 973 457 1042 utmmque‚
472 965 526 1023 sed
540 985 595 1042 pro
609 974 746 1042 utroque.
775 964 849 1041 quid
859 967 999 1021 strictum
1010 966 1118 1023 abnuis

213 1059 378 1117 recondere
394 1061 522 1119 ensem?
564 1060 700 1136 qualibet
714 1059 815 1136 gaude
829 1078 932 1126 mora3
1056 1066 1118 1125 490

213 1149 245 1206 id
258 1168 365 1226 gerere
379 1150 495 1208 bellum
509 1154 629 1226 cupitis,
642 1152 675 1206 in
689 1168 749 1224 quo
763 1157 811 1206 est
824 1153 974 1225 optimum

212 1247 300 1301 vinci.
343 1249 455 1302 vereris
469 1245 570 1302 fratris
584 1244 689 1302 infesti
703 1243 813 1301 dolos?

212 1342 352 1414 quotiens
367 1358 492 1395 necesse
507 1346 554 1395 est
568 1337 673 1395 fallere
688 1345 741 1394 aut
756 1336 820 1393 falli
834 1357 852 1392 a
866 1339 936 1406 suis,

211 1435 327 1507 patiare
340 1436 441 1509 potius
455 1437 520 1507 ipse
534 1452 625 1508 quam
639 1431 730 1489 facias
744 1431 850 1488 scelus,

211 1524 266 1581 sed
280 1545 320 1582 ne
333 1545 438 1583 verere
451 1545 459 1592 ;
479 1533 578 1583 mater
592 1525 714 1583 insidias
729 1534 762 1583 et
775 1526 847 1581 hinc

211 1627 244 1676 et
258 1639 358 1676 rursus
372 1618 455 1675 illinc
469 1620 580 1695 abiget.
624 1622 738 1677 exoro?
758 1640 798 1676 an
812 1623 890 1695 patri

210 1712 332 1770 invideo
346 1717 469 1771 vestro?
511 1719 581 1772 veni
595 1723 631 1773 ut
644 1734 778 1772 arcerem
792 1714 878 1771 nefas

210 1827 250 1864 an
264 1816 299 1865 ut
313 1808 448 1866 viderem
462 1811 606 1885 propius?
647 1809 697 1867 hic
712 1809 825 1866 ferrum
840 1807 967 1878 abdidit,

210 1903 330 1960 reclinis
344 1902 431 1961 hasta
445 1912 501 1975 est,
515 1925 598 1961 anna
611 1903 710 1961 defixa
724 1905 878 1961 incubant.
1073 1972 1077 1977 η

251 1998 301 2055 Ad
315 2007 348 2057 te
362 2018 468 2075 preces
482 2019 573 2070 nunc,
588 2007 670 2070 nate,
685 2006 837 2056 maternas
852 1996 956 2068 feram,
1054 2006 1113 2057 500

211 2091 265 2148 sed
279 2100 351 2150 ante
366 2092 510 2150 lacrimas.
553 2101 646 2151 teneo
661 2093 754 2169 longo
767 2101 906 2168 tempore

209 2189 307 2261 petita
322 2190 399 2243 votis
413 2206 472 2243 ora.
514 2195 547 2244 te
561 2186 724 2264 profugum
738 2187 802 2245 solo

209 2284 308 2356 patrio
321 2288 449 2357 penates
463 2285 544 2357 regis
558 2286 678 2339 externi
692 2289 814 2357 tegunt,

209 2381 242 2431 te
256 2378 349 2431 maria
362 2383 411 2432 tot
424 2376 551 2446 diversa,
565 2384 614 2434 tot
628 2396 712 2433 casus
728 2395 837 2451 vagum

209 2488 309 2544 egere.
354 2490 415 2527 non
429 2478 462 2528 te
476 2469 564 2527 duxit
577 2474 610 2526 in
624 2470 773 2527 thalamos
786 2488 895 2545 parens

209 2569 352 2622 comitata
365 2569 486 2641 primos,
502 2585 559 2622 nec
574 2584 627 2622 sua
641 2564 734 2622 festas
748 2583 840 2621 manu

208 2663 326 2716 ornavit
340 2659 441 2730 aedes,
455 2678 512 2716 nec
527 2678 610 2716 sacra
623 2658 719 2717 laetas
733 2659 814 2716 faces

207 2755 285 2810 ‘vitta
299 2758 446 2821 revinxit3
467 2752 547 2810 dona
561 2773 623 2810 non
636 2773 708 2811 auro
722 2773 827 2830 graves

207 2865 295 2922 gazas
309 2866 403 2917 socer,
416 2866 478 2903 non
492 2867 571 2918 arva,
585 2867 646 2904 non
660 2849 750 2905 urbes
763 2845 868 2915 dedit3

208 2939 310 2996 dotale
324 2939 439 2997 bellum
454 2949 509 2999 est.
552 2941 685 2998 hostium
700 2961 733 2998 es
746 2940 845 2998 factus
863 2960 968 3017 gener,
1052 2947 1110 2997 510

206 3038 304 3109 patria
318 3043 452 3092 remotus
465 3035 576 3111 hospes
589 3035 681 3092 alieni
694 3035 773 3105 laris

208 3249 266 3301 384
