2544 3840
358 303 447 364 THE
475 302 715 365 TRAGEDIES
744 304 798 365 OF
826 304 987 365 SENECA

613 457 725 497 uvrmx

512 545 594 603 Vicit
608 553 641 603 et
655 565 779 622 superos
794 544 896 603 Amor.

598 712 740 761 oriamur

258 811 405 869 Vincetur
419 815 472 868 uni
486 810 586 868 forsan
601 819 634 869 et
648 810 778 887 spolium
792 811 878 869 dabit

217 892 372 969 Amorque
386 911 520 950 summus
535 891 588 950 fiet
602 892 729 949 Alcidae
744 892 880 950 labor.-

216 973 271 1031 sed
285 982 318 1032 te
333 992 388 1050 per
402 993 492 1030 omne
507 973 650 1032 caelitum
664 993 778 1031 numen
793 994 907 1050 precor,

216 1074 271 1131 per
285 1054 366 1112 hune
380 1059 540 1113 timorem:
563 1055 710 1132 quidquid
724 1059 825 1112 arcani
839 1074 950 1132 apparo

169 1194 175 1205 ,
216 1140 339 1212 penitus
353 1135 499 1194 recondas
514 1144 547 1194 et
561 1135 620 1194 fide
635 1140 728 1194 tacita
741 1155 867 1213 premas.

610 1312 722 1351 uvrurx

258 1401 340 1472 Quid
356 1400 438 1459 istud
453 1408 500 1458 est
515 1400 596 1477 quod
611 1420 677 1457 esse
692 1408 843 1459 secretum
857 1402 957 1476 petis?

596 1565 739 1614 oriamur

257 1664 326 1720 Non
341 1663 404 1721 teia
418 1671 499 1734 sunt,
514 1682 575 1720 non
590 1684 682 1735 arma,
696 1683 758 1721 non
773 1667 852 1741 ignis
866 1668 975 1721 minax.

609 1840 721 1880 NVTRIX

258 1929 413 1986 Praestare
428 1926 527 1985 fateor
541 1947 629 2005 posse
643 1947 693 1985 me
707 1931 831 1985 tacitam
846 1925 948 1997 fidem,
1059 1933 1118 1984 480

216 2014 240 2068 si
255 2010 370 2068 scelere
385 2017 505 2079 careat3
527 2013 650 2067 interim
664 2008 761 2067 scelus
776 2016 823 2066 est
837 2007 920 2066 fides.

594 2182 738 2232 oriamur

255 2279 460 2356 Circumspice
474 2280 616 2356 agedum,
630 2299 670 2336 ne
685 2283 751 2356 quis
766 2297 873 2335 areana
887 2288 1026 2356 occupet,

215 2369 396 2439 partemque
411 2365 443 2417 in
458 2380 580 2418 omnem
594 2361 695 2417 vultus
710 2364 866 2438 inquirens
881 2369 939 2419 eat.

607 2538 718 2579 uvrmx
750 2555 759 2565 =

255 2626 303 2684 En
318 2627 401 2686 loeus
416 2629 454 2686 ab
468 2631 551 2686 omni
565 2635 651 2687 tutus
664 2629 788 2686 arbitrio
803 2634 896 2686 vacat

593 2795 736 2844 uniamur

253 2890 310 2949 Est
323 2895 356 2949 in
370 2899 487 2951 remoto
502 2897 603 2970 regiae
617 2893 697 2952 sedis
712 2893 779 2951 loeo

212 2991 319 3029 areana
333 2977 443 3031 tacitus
457 2983 560 3033 nostra
574 2974 744 3033 defendens
755 2992 871 3050 specus,

212 3071 274 3109 non
288 3054 340 3112 ille
355 3059 466 3131 primos
480 3059 590 3132 accipit
605 3056 683 3115 soles
697 3057 790 3127 loeus,

212 3276 271 3327 224
