2432 3838
381 296 471 354 Tun
499 296 739 354 innuamus
768 295 823 353 or
840 260 1014 356 'sunnon

247 411 352 488 lugere
366 432 465 489 cogor.
509 412 603 470 redde
617 416 676 468 iam
692 412 788 482 Grais,
803 420 891 488 pater

246 492 374 551 altisona
387 498 527 570 quatiens
541 513 645 571 regna,
659 494 792 571 placatos
807 494 889 551 deos,

245 595 327 632 nunc
342 594 432 632 omne
446 575 527 632 laeta
535 575 649 633 -fronde
664 575 782 633 veletur
796 583 898 651 caput,

245 656 377 713 sacrifica
390 656 494 714 dulces
508 657 584 714 tibia
598 657 734 714 effundat
748 657 853 714 modos

246 744 279 794 et
292 741 381 794 nivea
394 757 518 815 magnas
533 739 655 795 victima
668 746 741 796 ante
755 758 821 795 aras
834 737 931 795 cadat.

287 817 348 875 Sed
362 838 444 890 eece,
458 820 548 877 turba
562 823 657 877 tristis
671 823 844 895 incomptae
858 838 958 877 comas

247 899 358 957 Iliades
372 900 493 971 adsunt,
508 920 581 978 quas
596 921 687 978 super
700 901 781 958 celso
795 900 892 977 gradu
965 914 968 923 “

246 979 359 1037 effrena
375 981 510 1039 Phoebas
525 981 653 1040 entheas
666 982 767 1040 laurus
781 986 888 1060 quatit.

644 1235 758 1274 CHORVS

368 1347 441 1405 Heu
455 1367 546 1424 quarn
560 1347 650 1405 dulce
664 1346 778 1404 malum
792 1347 968 1405 mortalibus
982 1348 1126 1409 additum

325 1433 405 1487 ritae
419 1428 502 1486 dirus
515 1449 607 1500 amor,
622 1448 691 1485 cum
704 1436 810 1505 pateat
823 1428 909 1487 malis
1091 1440 1154 1500 590
1190 1468 1202 1489 «

326 1509 470 1585 effugium
486 1517 518 1566 et
531 1514 655 1567 miseros
669 1509 764 1567 libera
777 1529 856 1567 mors
871 1519 960 1569 vocet

326 1597 431 1667 portus
446 1598 570 1648 aeterna
584 1591 719 1667 placidus
734 1595 846 1669 quiete.

326 1670 427 1728 nullus
440 1670 522 1729 hunc
535 1679 633 1729 terror
646 1693 703 1730 nec
717 1677 894 1749 impotentis

325 1752 457 1829 procella
472 1753 622 1812 Fortunae
637 1762 739 1812 movet
752 1762 806 1811 aut
819 1758 915 1832 iniqui

324 1833 443 1890 flamma
456 1834 610 1892 Tonantis.

324 1935 382 1991 pax
395 1916 457 1974 alta
471 1915 590 1973 nullos1

325 2001 434 2054 civium
448 2006 553 2056 coetus
567 2001 657 2056 timet
670 2006 724 2055 aut
737 2002 870 2056 minaces

324 2082 445 2136 victoris
459 2082 526 2149 iras,
541 2099 603 2135 nou
616 2084 709 2136 maria
722 2084 834 2156 asperis

325 2163 430 2215 insana
443 2162 529 2229 coris,
544 2179 606 2216 non
619 2164 699 2218 acies
712 2160 790 2218 feras

268 2235 271 2240 ’
324 2239 537 2319 pulvereamve
551 2242 665 2298 nubem
1089 2242 1160 2305 600

324 2329 436 2378 motam
452 2323 612 2379 barbaricis
627 2327 764 2400 equitum
779 2328 906 2382 catervis
919 2343 926 2393 3

324 2422 385 2459 non
400 2405 474 2461 urbe
490 2423 559 2460 cum
572 2410 638 2462 tota
651 2404 778 2481 populos
793 2405 947 2477 cadenteS,

324 2483 439 2541 hostica
452 2505 553 2542 muros
567 2486 732 2562 populante
747 2486 874 2558 flamma,
924 2496 926 2499 '

323 2565 543 2624 indomitumve
557 2567 679 2625 bellum.

322 2657 500 2725 perrumpet
513 2668 603 2707 omne
619 2654 774 2707 servitium

323 2737 515 2806 contemptor
527 2731 640 2789 levium
654 2732 791 2803 deorum,

324 2814 376 2886 qui
389 2811 490 2869 vultus
505 2812 687 2871 Acherontis
701 2818 770 2883 atri,

241 2930 247 2939 -
323 2895 376 2968 qui
390 2891 484 2969 Styga
498 2898 617 2952 tristem
632 2914 693 2951 non
707 2898 801 2952 tristis
816 2894 900 2951 videt

323 2972 477 3051 audetque
491 2978 572 3032 vitae
585 2995 699 3052 ponere
718 2975 817 3032 finem.

196 3098 202 3109 “
275 3115 283 3146 1
304 3116 367 3166 run
386 3117 516 3167 aroanna
538 3117 700 3181 duplicantur
721 3118 754 3181 of
770 3117 904 3181 lars-inea
921 3117 1027 3168 unirer
1043 3123 1166 3186 avocas,

241 3182 315 3231 while
330 3189 358 3231 at
376 3183 416 3232 tte
437 3198 506 3232 rame
526 3184 586 3233 time
604 3182 735 3246 obtaining}
751 3199 768 3232 a
781 3185 949 3247 prcaumubly
965 3199 1035 3233 more
1052 3185 1191 3269 lopical‘

244 3265 282 3319 50
