2432 3838
352 261 440 318 THE
467 261 707 320 TRAGEDIES
736 261 791 320 OF
819 262 980 322 SENECA

254 374 315 433 Sed
329 395 383 433 cur
396 385 524 453 repente
539 382 638 435 noctis
651 381 784 437 aestivae
798 382 879 436 vices

214 456 341 514 hiberna
353 456 446 534 longa
458 462 557 534 spatia
570 459 743 535 producunt
756 479 850 531 mora,

214 546 267 596 aut
281 539 355 615 quid
370 538 515 597 cadentes
529 539 651 599 detinet
664 541 766 599 stellas
779 540 873 618 polo?

215 618 372 678 Phoebum
385 623 556 679 moramur?
598 622 693 680 redde
707 627 767 680 iam
780 621 896 680 mundo
909 621 999 697 diem.

598 911 711 949 CHORVS

376 1020 404 1078 Ο
419 1041 582 1099 regnorum
595 1028 713 1099 magnis
726 1022 818 1079 fallax

337 1102 470 1161 Fortuna
484 1104 580 1175 bonis,
594 1109 626 1161 in
641 1107 799 1180 praecipiti

335 1182 489 1262 dubioque
503 1185 584 1243 locas
597 1190 687 1243 nimis
701 1185 846 1243 excelsos.

334 1285 500 1342 numquam
513 1267 663 1343 placidam
677 1274 797 1343 sceptra
810 1270 946 1344 quietem
1076 1264 1115 1324 60

335 1355 490 1405 certumve
505 1353 551 1406 sui
564 1358 693 1406 tenuere
707 1349 789 1406 diem
802 1367 809 1415 ;

334 1427 393 1484 alia
407 1448 444 1485 ex
458 1429 524 1486 aliis
539 1449 610 1486 cura
623 1429 733 1505 fatigat

336 1518 486 1586 vexatque
500 1514 616 1567 animos
629 1529 707 1567 nova
720 1517 894 1586 tempestas,

336 1609 398 1646 non
412 1594 454 1648 sic
469 1590 590 1669 Libycis
604 1591 736 1668 syrtibus
749 1610 861 1668 aequor

336 1670 411 1728 furit
425 1671 557 1729 alternos
572 1672 692 1730 volvere
705 1672 824 1743 fluctus,

336 1770 398 1809 non
412 1752 524 1809 Euxini
537 1761 643 1830 turget
655 1756 694 1810 ab
708 1757 775 1810 imis

336 1841 487 1892 commota
500 1835 584 1893 vadis
598 1835 680 1893 unda
692 1835 785 1892 nivali

336 1917 433 1971 vicina
446 1915 526 1991 polo,

335 1997 388 2053 ubi
401 1997 547 2055 caeruleis
560 2002 702 2056 immunis
716 2002 801 2074 aquis

334 2076 435 2134 lucida
449 2087 548 2136 versat
562 2079 697 2155 plaustra
712 2078 833 2148 Bootes,

335 2166 370 2216 ut
384 2163 565 2236 praecipites
578 2180 686 2237 regum
700 2179 785 2217 casus

336 2240 470 2296 Fortuna
484 2249 572 2299 rotat.
616 2245 713 2299 metui
727 2244 855 2316 cupiunt

335 2326 492 2399 metuique
507 2327 630 2394 timent,
644 2342 706 2379 non
720 2341 780 2378 nox
795 2321 853 2378 illis

334 2402 413 2459 alma
427 2423 563 2461 recessus
577 2405 705 2480 praebet
719 2410 812 2473 tutos,

335 2503 398 2540 non
412 2504 551 2541 curarum
565 2504 687 2542 somnus
701 2484 833 2541 domitor

336 2575 461 2641 pectora
475 2566 572 2624 solvit.

375 2646 458 2718 Quas
473 2667 535 2703 non
548 2666 633 2703 arces
646 2646 744 2704 scelus
762 2646 914 2731 alternum

334 2728 421 2786 dedit
436 2732 467 2784 in
481 2728 651 2804 praeceps?
672 2732 765 2803 impia
779 2744 853 2802 quas
867 2743 929 2780 non

333 2829 416 2866 arma
430 2808 584 2885 fatigant?
605 2812 670 2866 iura
683 2808 841 2885 pudorque

335 2899 368 2949 et
382 2894 515 2966 coniugii
530 2897 645 2947 sacrata
658 2889 733 2946 fides

333 2971 457 3046 fugiunt
470 2970 561 3028 aulas
600 2974 737 3047 sequitur
750 2971 845 3025 tristis

336 3050 570 3127 sanguinolenta
584 3050 710 3107 Bellona
723 3069 815 3105 manu

334 3152 473 3210 quaeque
488 3134 632 3208 superbos
647 3135 708 3188 urit
722 3130 840 3207 Erinys,
