2556 3844
367 314 456 372 THE
482 307 722 368 TRAGEDIES
750 305 805 363 OF
832 302 994 361 SENECA

388 449 445 487 nec
460 426 588 485 credens
603 425 659 483 sibi
673 421 825 480 redditam

389 509 532 587 Orpheus
547 505 720 584 Eurydicen
734 505 830 580 sequi,

390 599 496 650 cantus
510 591 643 667 praemia
656 584 808 663 perdidit3

390 693 467 752 quae
482 679 554 728 nata
568 676 616 728 est
629 673 741 727 iterum
758 669 845 742 perit.

430 755 526 824 Tunc,
540 752 685 809 solamina
699 748 837 806 cantibus
1055 746 1132 807 1090

390 854 548 914 quaerenS,
562 831 711 890 flebilibus
724 828 823 886 modis

370 918 467 974 lhaec
482 914 623 992 Orpheus
638 916 750 970 cecinit
764 909 869 967 Getis:

391 999 475 1076 leges
489 1001 522 1053 in
536 1014 659 1072 superos
673 994 769 1063 datas,

392 1088 424 1138 ct
438 1082 490 1156 qui
504 1086 642 1153 tempora
656 1074 769 1151 digerit

392 1168 536 1239 quattuor
549 1161 730 1236 praecipites
744 1154 819 1212 deus

393 1245 465 1300 anni
478 1241 627 1317 disposuit
641 1242 721 1296 vices

393 1324 470 1381 nulli
483 1343 546 1380 non
558 1320 639 1378 avidi
652 1320 735 1377 colus

396 1405 502 1467 Parcas
517 1407 645 1462 stamina
659 1408 795 1469 nectere,

394 1485 475 1565 quod
489 1493 595 1543 natum
609 1491 666 1554 est,
680 1481 761 1560 quod
776 1483 844 1549 erit,
857 1476 958 1535 mori²
979 1488 981 1491 '

436 1569 507 1625 Vati
520 1566 645 1625 credere
658 1563 787 1621 Thracio
1060 1562 1137 1612 1100

396 1650 534 1708 devictus
547 1649 634 1705 iubet
653 1644 812 1703 Hercules.

395 1736 464 1802 iam,
478 1735 539 1787 iam
552 1729 671 1806 legibus
686 1727 807 1784 obrutis>

395 1812 510 1870 mundo
524 1830 594 1868 cum
607 1813 712 1866 veniet
726 1807 801 1876 dies,

397 1892 534 1952 australis
548 1892 636 1969 polus
650 1892 759 1948 obruet

397 1974 545 2054 quidquid
559 1994 614 2052 per
633 1973 760 2049 Libyam
774 1972 854 2024 iacet

399 2066 432 2116 et
446 2076 565 2134 sparsus
581 2055 724 2111 Garamas
743 2055 833 2109 tenet
845 2066 853 2116 ;

398 2146 518 2196 arctous
532 2137 619 2213 polus
632 2136 741 2193 obruet

399 2218 546 2297 quidquid
561 2218 697 2275 subiacet
710 2214 815 2270 axibus

400 2309 432 2359 et
446 2305 541 2358 siccus
556 2298 667 2355 Boreas
680 2295 761 2353 ferit.

398 2386 507 2439 amisso
519 2378 657 2454 trepidus
668 2375 737 2453 polo

399 2464 491 2521 Titan
505 2464 640 2518 excutiet
654 2458 744 2516 diem.
821 2506 823 2510 .

402 2545 477 2602 caeli
492 2546 575 2619 regia
589 2540 751 2598 concidens

401 2634 485 2684 ortus
498 2632 591 2702 atque
606 2624 705 2680 obitus
716 2620 819 2678 trahet

401 2715 493 2784 atque
509 2724 613 2763 omnes
628 2707 741 2781 pariter
755 2702 829 2760 deos

402 2787 511 2864 perdet
525 2806 605 2844 mors
619 2786 719 2862 aliqua
733 2792 766 2841 et
780 2782 880 2851 chaos,

402 2877 435 2927 et
448 2888 529 2926 mors
542 2867 606 2925 fata
619 2870 780 2924 novissima

402 2956 435 3008 in
449 2970 482 3008 se
497 2953 664 3008 constituet
678 2950 743 3006 sibi.

404 3035 471 3110 quis
484 3030 633 3089 mundum
647 3032 748 3105 capiet
760 3026 867 3084 locus?

275 3140 284 3171 ¹
302 3141 355 3190 Leo
373 3138 396 3188 ia
413 3138 447 3202 os
460 3138 500 3188 tta
519 3136 626 3201 opinion
642 3136 697 3186 thot
716 3133 757 3184 tic
774 3129 910 3196 beyinoinq
924 3130 981 3179 ond
996 3128 1038 3178 the
1054 3128 1104 3177 end
1120 3126 1154 3190 of

245 3204 368 3270 orpheis
381 3220 444 3269 cocy
460 3204 524 3254 have
534 3203 622 3266 fallen
633 3208 685 3262 cot,
698 3200 754 3251 aad
765 3199 821 3249 thot
832 3196 896 3248 lines
907 3197 1054 3246 1097-1099
1065 3209 1112 3243 arc
1122 3199 1149 3243 to

245 3292 303 3349 274
