2544 3840
374 322 464 382 THE
492 318 733 379 TRAGEDIES
761 318 817 377 OF
844 316 1007 376 SENECA

617 460 761 509 usinum

276 565 413 623 Haerere
427 569 564 619 amantes
579 567 648 637 post
662 577 753 636 vagos
767 562 854 634 ignes
869 556 977 614 solent.

634 761 746 800 uvrmx

276 854 471 912 Famulamne
487 860 520 910 et
533 851 629 909 hostis
643 849 798 927 praeferet
812 856 916 907 natam
930 849 1009 905 tibi?

615 1041 760 1091 0011111111

275 1144 317 1201 Vt
330 1140 430 1200 laeta¹
445 1142 533 1200 silvas
547 1140 643 1198 forma
657 1147 819 1198 vernantes
833 1139 938 1209 habet,
1083 1144 1142 1196 380

234 1246 304 1283 cum
317 1243 441 1282 nemora
454 1222 537 1282 nuda
550 1227 665 1299 primus
679 1225 805 1279 investit
818 1228 916 1297 tepor,

233 1315 266 1365 at
279 1326 349 1365 cum
363 1305 477 1363 solutos
492 1304 610 1381 expulit
625 1303 736 1360 Boreas
750 1302 847 1359 Notos

233 1396 267 1447 et
281 1407 369 1446 saeva
382 1394 463 1445 totas
477 1389 584 1443 bruma
598 1385 740 1442 discussit
754 1402 864 1452 comas,
913 1443 918 1454 ,

233 1469 370 1527 deforme
385 1468 455 1525 solis
469 1471 577 1543 aspicis
590 1470 706 1524 truncis
720 1483 846 1533 nemus;

234 1555 276 1609 sic
291 1557 393 1607 nostra
406 1549 533 1624 longum
546 1547 643 1604 forma
656 1566 835 1623 percurrens
848 1549 908 1603 iter

233 1630 376 1708 deperdit
389 1629 504 1708 aliquid
518 1647 638 1704 semper
652 1635 686 1685 et
699 1626 800 1704 fulget
813 1631 924 1696 minus,

234 1733 291 1770 nec
305 1712 357 1769 illa
371 1709 482 1769 vetus²
497 1717 551 1767 est.
595 1708 743 1787 quidquid
757 1713 789 1766 in
803 1709 890 1766 nobis
905 1707 964 1766 fuit

233 1794 306 1852 olim
320 1796 451 1870 petitum
467 1791 587 1862 cecidit,
601 1799 655 1849 aut
668 1795 781 1867 pariter
790 1789 896 1848 labat³

233 1883 317 1934 aetas
332 1879 425 1933 citato
439 1877 539 1932 senior
554 1876 665 1950 eripuit
680 1871 799 1948 gradu,⁴

234 1966 393 2035 materque
406 1953 538 2013 multum
552 1959 654 2031 rapuit
668 1974 706 2012 ex
720 1953 773 2010 illo
787 1951 872 2023 mihi,

234 2039 319 2097 vides
333 2045 368 2097 111
380 2037 477 2095 altum
488 2035 600 2093 famula
614 2056 676 2092 non
690 2034 799 2111 perdat
813 2033 928 2091 decus?

235 2138 352 2178 cessere
367 2119 466 2177 cultus
481 2121 604 2193 penitus
619 2124 652 2174 et
666 2115 779 2192 paedor
790 2114 896 2184 sedet;

235 2209 339 2259 tamen
353 2218 409 2275 per
422 2203 501 2277 ipsas
516 2198 616 2274 fulget
629 2216 788 2254 aerumnas
805 2196 897 2253 decor

235 2281 372 2359 nihilque
387 2281 425 2337 ab
439 2279 491 2336 illa
505 2298 591 2336 casus
606 2286 639 2336 et
653 2277 751 2335 fatum
765 2297 856 2354 grave

235 2367 293 2422 nisi
306 2381 402 2439 regna
414 2365 515 2419 traxit.
559 2360 609 2417 hic
623 2378 727 2417 meum
740 2366 848 2436 pectus
862 2363 963 2431 timor,

235 2445 334 2515 altrix,
348 2444 479 2513 lacessit,
493 2441 543 2498 hic
557 2445 638 2518 rapit
651 2460 771 2499 somnos
785 2460 885 2518 pavor.

235 2525 388 2604 praeclara
403 2528 474 2582 totis
489 2524 633 2600 gentibus
647 2525 779 2580 coniunx
795 2542 876 2580 eram

135 2610 150 2631 ⁵
235 2607 445 2683 thalamosque
459 2612 578 2663 nostros
592 2603 695 2661 invido
710 2611 780 2663 voto
793 2623 887 2661 nurus

235 2687 361 2764 optabat
375 2690 472 2744 omnis
485 2706 492 2755 ;
513 2705 629 2764 quaeve
643 2705 730 2743 mens
744 2689 904 2762 quicquam
919 2683 993 2742 deos

237 2768 342 2825 orabat
356 2767 443 2836 ullos,
457 2768 583 2825 nuribus
597 2767 746 2843 Argolicis
760 2765 805 2823 fui

236 2868 377 2906 mensura
391 2851 462 2905 voti.
506 2868 597 2926 quem
613 2849 676 2906 Iovi
691 2867 827 2907 socerum
842 2867 956 2923 parem,

236 2930 336 3000 altrix,
351 2930 494 2987 habebo?
525 2932 602 3008 (quis
617 2931 672 2988 sub
686 2929 744 2987 hoc
757 2928 873 2987 mundo
886 2927 961 2986 mihi

524 3014 532 3047 l

270 3076 278 3109 ¹
296 3077 353 3128 alta
363 3077 454 3139 Mes,
468 3079 596 3129 corrected
607 3078 640 3141 by
651 3076 770 3141 Maricio.

270 3142 281 3174 ¹
296 3143 331 3194 So
343 3143 465 3194 Richter:
481 3160 529 3195 nec
540 3144 587 3194 illa
598 3143 690 3193 Venus
703 3142 728 3193 Ε
734 3164 742 3194 .-
759 3144 824 3194 111100
835 3143 882 3193 illa
893 3143 985 3194 Venus
1003 3142 1145 3206 Kieaaliw,

230 3209 355 3273 sollarweol
365 3209 398 3274 by
412 3209 470 3260 Leo.

239 3298 299 3350 214
