2544 3862
378 275 466 334 THE
494 274 735 334 TRAGEDIES
764 273 818 333 OF
846 272 1007 333 SENECA

239 400 314 470 quot
327 396 485 450 interemit
498 390 625 463 nobiles,
640 395 765 448 iuvenes
779 408 868 448 senes

236 501 353 558 sparsos
367 501 422 558 per
436 483 550 551 orbem,
565 501 635 538 cum
649 500 717 538 suos
732 484 838 537 mortis
854 485 939 536 metu

193 601 195 605 ·
236 570 380 648 fugerent
394 579 520 648 penates
535 574 674 628 citrium
689 568 803 628 ferrum
818 568 940 639 ducum,

235 660 339 718 tabula
353 668 481 718 notante
495 660 616 718 deditos
630 664 711 718 tristi
726 664 794 717 neci
807 659 814 716 !

235 754 371 827 exposita
385 754 488 807 rostris
502 755 601 826 capita
616 769 770 807 caesorum
785 756 887 825 patres
1080 752 1141 804 510

236 840 339 897 videre
353 844 471 911 maesti,
485 838 558 898 flere
573 859 630 897 nec
644 839 731 899 licuit
746 859 823 909 suos,

235 949 298 986 non
311 949 435 1006 gemere
449 929 515 988 dira
529 931 601 987 tabe
615 929 733 1005 polluto
747 927 822 998 foro,

235 1018 371 1077 stillante
386 1024 470 1078 sanie
484 1040 539 1096 per
553 1027 658 1097 putres
673 1019 775 1077 vultus
788 1021 880 1094 gravi

237 1129 294 1167 nec
309 1109 375 1166 finis
390 1109 439 1167 hic
454 1114 567 1168 cruoris
581 1117 635 1167 aut
649 1108 749 1167 caedis
764 1112 870 1166 stetit:

236 1218 347 1275 pavere
360 1200 497 1259 volucres
511 1207 544 1258 et
557 1198 636 1257 feras
649 1218 752 1257 saevas
765 1198 818 1256 diu

236 1293 340 1347 tristes
356 1290 498 1367 Philippi,
512 1289 614 1348 hausit
628 1297 661 1349 et
675 1289 810 1348 Siculum
823 1307 906 1345 mare

237 1379 346 1437 classes
361 1384 499 1459 virosque
511 1380 524 1418 ¹
538 1400 629 1456 saepe
644 1380 807 1447 cedentes3
829 1381 889 1435 suis

237 1489 398 1528 concussus
412 1472 492 1528 orbis
505 1471 625 1527 viribus.
668 1488 795 1544 magnus
809 1468 921 1525 ducum

237 1568 396 1636 superatus
409 1565 483 1631 acic,
498 1559 650 1636 puppibus
666 1558 769 1633 Nilum
783 1560 864 1633 petit

236 1647 328 1727 fugae
342 1655 462 1727 paratis,
477 1654 542 1726 ipse
557 1652 708 1725 periturus
723 1648 807 1705 brevi
819 1665 827 1715 3

237 1739 338 1797 hausit
352 1759 489 1797 cruorem
502 1742 618 1795 incestu
634 1736 761 1793 Romani
775 1736 860 1793 ducis

237 1830 401 1907 Aegyptus
414 1832 542 1897 iterum3
564 1847 645 1884 nunc
659 1827 742 1885 leves
755 1827 876 1884 umbras
890 1829 978 1902 tegit.

237 1918 299 1975 illic
313 1919 467 1994 sepultum
482 1925 530 1976 est
543 1921 635 1994 impie
649 1924 771 1994 gestum
785 1916 837 1973 diu

237 2008 324 2064 civile
339 2006 462 2064 bellum.
505 2006 643 2065 condidit
656 2006 784 2063 tandem
798 2025 867 2063 suos

237 2101 295 2153 iam
311 2094 408 2153 fessus
422 2115 510 2155 enses
524 2101 620 2154 victor
633 2096 796 2154 hebetatos
810 2094 882 2153 feris

237 2184 422 2256 vulneribus,
436 2194 469 2243 et
483 2189 635 2245 continuit
647 2189 809 2262 imperium
822 2192 931 2243 metus.

237 2277 327 2331 armis
341 2273 461 2352 fideque
475 2275 580 2333 militis
594 2283 680 2333 tutus
695 2274 764 2347 fuit,

238 2367 354 2441 pietate
368 2368 434 2423 nati
448 2363 546 2424 factus
561 2369 671 2423 eximia
685 2365 770 2436 dcuS,

238 2461 307 2530 post
321 2452 384 2512 fata
398 2461 589 2512 consecratus
603 2462 636 2513 et
649 2454 772 2531 templis
786 2454 884 2512 datus.

239 2563 294 2602 nos
307 2563 427 2622 quoque
441 2545 610 2602 manebunt
623 2551 713 2616 astra,
728 2548 753 2602 si
766 2563 856 2602 saevo
870 2547 951 2621 prior
1085 2550 1143 2602 530

238 2652 312 2691 ense
326 2653 473 2710 occuparo
487 2633 635 2715 quidquid
649 2633 795 2692 infestum
810 2642 857 2693 est
871 2634 946 2691 mihi

240 2722 393 2800 dignaque
408 2730 541 2781 nostram
556 2723 661 2781 subole
676 2722 804 2782 fundaro
818 2723 950 2782 domum'.

271 2843 281 2875 ¹
302 2843 355 2894 The
372 2851 424 2894 text
441 2844 499 2895 here
510 2845 534 2894 ic
545 2844 685 2909 hopelessly
695 2831 801 2909 cocuupt
812 2846 867 2895 and
883 2845 931 2894 has
942 2846 1001 2895 been
1011 2844 1145 2908 varioudy

241 2910 370 3026 emffl.
405 2909 568 2961 Schroedcr’s
579 2911 740 2961 emettdation
751 2911 774 2960 is
785 2919 812 2961 ot
826 2912 890 2961 leont
901 2910 1054 2973 intellioiblc.
1092 2911 1145 2961 Leo

239 2990 267 3024 re

614 3057 691 3106 saepe
703 3041 827 3091 cedentes
839 3057 900 3091 suos

401 3120 543 3156 concussus
555 3104 626 3156 orbis
639 3105 739 3156 viribus
751 3122 862 3172 maguus
873 3106 970 3156 ducum

402 3177 553 3237 superatus,
566 3179 610 3222 etc.
1077 3173 1080 3180 '

241 3242 301 3295 450
