2544 3840
363 297 451 356 THE
478 295 718 354 TRAGEDIES
748 295 802 354 OF
831 294 991 353 SENECA

601 447 750 487 THYESTES

265 541 413 598 Vtrumne
428 543 523 596 saevis
537 538 682 615 pabulum
695 537 818 595 alitibus
831 541 942 608 iacent,

223 642 262 678 an
276 621 374 680 beluis
388 628 555 691 servantur,
569 639 609 676 an
623 626 752 696 pascunt
766 618 869 676 feras?

622 812 734 851 aruuvs

265 901 477 980 Epulatus'ipse
490 921 519 957 er
532 899 619 977 impio
632 908 712 957 autor
722 900 803 978 dape.

569 1112 571 1117 ·
601 1091 751 1130 ruvnsras

266 1182 335 1239 Hoc
350 1190 397 1240 est
411 1180 484 1238 deos
498 1180 580 1257 quod
594 1179 714 1256 puduit,
728 1179 786 1236 hoc
801 1183 865 1256 egit
884 1179 967 1237 diem

224 1283 361 1321 aversum
375 1267 408 1320 in
422 1270 513 1320 ortus.
557 1281 630 1338 quas
643 1265 735 1318 miser
750 1280 837 1318 voces
851 1261 931 1318 dabo

224 1353 410 1423 questusque
425 1363 500 1421 quos
519 1344 531 1400 i
573 1363 650 1421 quae
666 1344 757 1400 verba
771 1342 920 1401 sufficient
934 1343 1031 1400 mihi?

224 1428 339 1484 abscisa
352 1444 444 1483 cerno
458 1428 558 1501 capita
573 1432 605 1482 et
619 1424 736 1482 avulsas
750 1445 857 1482 manus

225 1516 259 1565 et
272 1515 361 1583 rupta
375 1506 478 1564 fractis
493 1507 628 1563 cruribus
643 1509 813 1583 vestigia-

225 1588 283 1646 hoc
297 1596 345 1646 est
359 1587 440 1665 quod
454 1587 558 1645 avidus
573 1606 681 1663 capere
695 1607 757 1644 non
771 1591 873 1664 potuit
886 1595 981 1664 pater.
1053 1594 1128 1645 1040

225 1670 387 1727 volvuntur
401 1673 483 1726 intus
496 1673 611 1726 viscera
624 1676 657 1726 et
671 1668 787 1726 clusum
800 1668 887 1726 nefas

225 1755 290 1810 sine
305 1755 389 1809 exitu
403 1751 537 1808 luctatur
551 1759 583 1807 et
597 1755 717 1827 quaerit
730 1749 843 1826 fugam.

225 1833 274 1905 da,
288 1833 391 1904 frater,
407 1851 513 1890 ensem
527 1830 695 1910 (sanguinis
710 1833 840 1889 multum
855 1836 915 1889 mei

225 1915 319 1973 habet
332 1913 417 1993 ille);
438 1914 518 1971 ferro
532 1914 635 1971 liberis
649 1913 740 1971 detur
754 1918 809 1971 via.

225 2004 356 2073 negatur
370 1998 471 2053 ensis?
513 2003 637 2072 pectora
650 1995 739 2053 inliso
752 2003 863 2054 sonent

225 2085 351 2136 contusa
364 2076 657 2153 planctu—sustine,
670 2076 787 2148 infelix,
800 2097 934 2149 manum,

225 2178 382 2236 parcamus
396 2159 518 2216 umbris.
560 2159 623 2215 tale
637 2161 704 2234 quis
719 2158 795 2215 vidit
809 2158 915 2216 nefas?

225 2243 293 2317 quis
307 2238 496 2315 inhospitalis
511 2239 635 2297 Caucasi
648 2257 756 2315 rupem
770 2258 906 2314 asperam

228 2321 406 2379 Heniochus
420 2320 560 2379 habitans
574 2323 679 2397 quisve
694 2319 845 2397 Cecropiis
858 2329 959 2380 metus

225 2406 314 2460 terris
330 2403 523 2461 Procrustes?
565 2404 687 2478 genitor
700 2420 740 2460 en
754 2409 842 2460 natos
855 2422 961 2478 premo
1052 2410 1129 2460 1050

224 2503 406 2561 premorque
421 2482 664 2543 natis-sceleris
679 2491 726 2541 est
739 2483 848 2561 aliquis
861 2483 989 2542 modus?

626 2750 735 2790 ATREVS

267 2838 381 2896 Sceleri
394 2837 502 2895 modus
516 2837 648 2897 debetur
661 2841 712 2897 ubi
726 2838 818 2897 facias
832 2841 941 2911 scelus,

226 2940 288 2978 non
302 2921 354 2977 ubi
368 2939 503 2996 reponas.
547 2920 605 2977 hoc
619 2940 740 2999 quoque
754 2925 899 2998 exiguum
912 2930 959 2981 est
972 2921 1056 2979 mibi.

227 3021 265 3059 ex
279 3001 405 3059 vulnere
419 3005 484 3078 ipso
498 3006 678 3077 sanguinem
692 3002 823 3060 calidum
837 3008 869 3061 in
884 3013 937 3064 tua

226 3082 396 3141 defundere
410 3102 462 3139 ora
476 3082 578 3154 debui,
593 3091 628 3141 ut
639 3087 805 3142 viventium

226 3165 346 3222 biberes
360 3165 631 3222 cruorem-verba
644 3174 715 3223 sunt
729 3169 790 3224 irae
805 3166 877 3225 data

230 3263 287 3323 174
