2542 3862
383 311 472 369 THE
499 311 739 370 TRAGEDIES
767 311 822 370 OF
850 310 1012 369 SENECA

244 447 365 504 campos
379 428 489 504 repleri
504 431 610 504 patria,
625 427 781 504 fulgentes
799 425 904 502 procul

244 513 334 566 armis
348 517 482 567 catervas
496 509 582 579 vidit,
597 513 735 586 equitatu
750 508 810 565 levi

245 590 377 647 Cadmea
390 589 490 667 frangi
504 599 591 666 prata
605 599 637 648 et
652 590 787 648 excelsos
801 593 874 646 rotis

244 672 370 730 volitare
384 691 533 747 proceres,
548 675 620 748 igne
634 672 795 748 flagrantes
809 671 911 728 trabes

243 752 371 822 fumare,
386 757 480 810 cineri
494 773 571 830 quae
586 761 698 830 petunt
712 761 828 810 nostras
843 752 957 821 domoS,

244 834 413 911 fratresque
427 832 557 912 (facinus
572 835 653 912 quod
667 854 779 891 novum
793 841 826 890 et
840 833 954 890 Thebis
968 830 1041 912 fuit)

244 920 276 971 in
291 935 323 973 se
337 923 470 974 ruentes.
513 923 597 974 totus
610 916 668 973 hoc
683 920 844 986 exercituS,

245 996 302 1053 hoc
316 997 446 1073 populus
460 1001 576 1066 omnis;
595 1005 725 1074 utraque
739 996 797 1053 hoc
811 995 889 1052 vidit
903 1015 987 1052 soror

245 1083 447 1155 genetrixque
461 1078 542 1135 vidi:
564 1098 634 1135 nam
649 1087 736 1154 pater
750 1078 845 1136 debet
859 1077 916 1135 sibi

245 1160 326 1237 quod
340 1164 398 1218 ista
411 1180 474 1217 non
488 1164 644 1235 spectavit.
689 1167 826 1217 occurrat
840 1160 897 1216 tibi

245 1261 327 1298 nunc
342 1241 489 1318 OedipuS,
504 1260 563 1317 quo
576 1242 677 1299 iudice
691 1245 799 1298 erroris
813 1259 933 1317 quoque

245 1342 362 1398 poenae
376 1330 532 1398 petuntur.
576 1343 625 1394 ne,
639 1341 754 1399 precor,
769 1321 850 1379 ferro
864 1332 937 1378 erue

244 1408 374 1480 patriam
387 1425 422 1461 ac
436 1412 564 1480 penates
578 1423 665 1475 neve,
680 1423 754 1482 quas
767 1421 875 1479 regere
890 1406 1018 1478 expetis,

247 1493 351 1543 everte
365 1485 494 1543 Thebas.
538 1489 607 1562 quis
620 1493 709 1544 tenet
723 1492 860 1542 mentem
875 1483 980 1542 furor?
1014 1502 1016 1505 ’

172 1610 174 1613 .
246 1566 382 1642 petendo
395 1570 525 1642 patriam
539 1566 662 1641 perdis?
704 1574 739 1623 ut
752 1565 805 1623 fiat
819 1573 882 1637 tua,

246 1651 290 1705 vis
304 1667 371 1704 esse
384 1647 521 1704 nullam?
563 1652 637 1724 quin
649 1656 721 1705 tuae
735 1666 843 1704 causae
856 1654 949 1704 nocet

246 1733 346 1804 ipsum
360 1729 417 1785 hoc
431 1728 513 1806 quod
526 1733 617 1786 armis
630 1733 691 1787 uris
704 1728 823 1786 infestis
837 1728 934 1786 solum
1093 1726 1152 1785 560
1243 1717 1248 1725 ’

248 1818 429 1888 segetesque
442 1810 562 1868 adultas
577 1815 687 1868 sternis
701 1819 734 1869 et
747 1818 829 1868 totos
843 1809 947 1887 fugam

248 1891 313 1949 edis
327 1912 382 1968 per
396 1912 491 1968 agros.
535 1912 626 1951 nemo
640 1897 683 1950 sic
698 1899 796 1950 vastat
810 1911 884 1960 sua3

248 1992 325 2050 quae
340 1978 449 2049 corripi
463 1979 546 2050 igne,
560 1994 637 2051 quae
652 1978 728 2032 meti
742 1972 844 2050 gladio
862 1973 948 2030 iubes

247 2054 346 2111 aliena
360 2054 466 2112 credis.
509 2075 563 2112 rex
578 2059 618 2113 sit
631 2075 669 2112 ex
684 2056 768 2116 vobis
783 2062 860 2125 uter,

246 2143 392 2193 manente
406 2155 501 2211 regno
515 2141 661 2212 quaerite.
704 2136 780 2193 haec
793 2136 864 2193 telis
877 2139 957 2212 petis

248 2216 438 2294 flammisque
448 2218 554 2274 tecta?
595 2221 709 2293 poteris
723 2217 777 2274 has
791 2217 973 2293 Amphionis

248 2317 389 2374 quassare
402 2297 521 2355 moles?
563 2298 647 2355 nulla
661 2318 735 2375 quas
749 2303 861 2356 struxit
875 2318 982 2356 manus

248 2379 399 2437 stridente
413 2379 535 2437 tardum
549 2380 689 2437 machina
702 2380 817 2438 ducens
832 2399 918 2450 onus,

249 2461 303 2518 sed
318 2469 500 2519 convocatus
515 2465 594 2518 vocis
609 2469 643 2519 et
656 2461 791 2519 citharae
805 2481 880 2519 sono

248 2561 304 2618 per
317 2562 350 2600 se
364 2546 430 2619 ipse
444 2562 575 2599 summas
590 2546 721 2600 venitin
735 2550 834 2600 turres
852 2542 970 2618 lapis—
1093 2545 1154 2603 570

248 2623 323 2680 haec
338 2643 408 2680 saxa
421 2622 567 2700 franges?
608 2629 705 2681 victor
718 2624 790 2681 hinc
804 2624 898 2700 spolia
912 2623 1032 2681 auferes

248 2708 426 2782 vinctosque
440 2705 533 2763 duces
548 2709 643 2781 patris
656 2705 798 2783 aequales
812 2709 868 2776 tui,

247 2793 421 2863 matresque
435 2787 474 2842 ab
487 2789 553 2862 ipso
567 2791 730 2863 coniugum
745 2795 846 2863 raptas
860 2790 929 2844 sinu

248 2886 353 2924 saevus
368 2875 477 2925 catena
489 2867 577 2925 miles
591 2871 732 2944 imposita
745 2868 871 2926 trahet?

247 2948 352 3006 adulta
366 2952 460 3024 virgo,
474 2953 570 3006 mixta
584 2953 703 3025 captivo
717 2953 814 3025 gregi,

247 3026 393 3086 Thebana
404 3031 529 3088 nuribus
542 3049 652 3088 munus
666 3030 815 3106 Argolicis
835 3032 907 3088 eat?

249 3278 307 3330 388
