2538 3846
370 290 459 349 THE
487 289 727 348 TRAGEDIES
756 289 811 349 OF
840 290 1003 348 SENECA

355 414 415 471 Vos
428 414 537 490 quibus
550 421 652 470 rector
664 416 755 470 maris
767 421 861 491 atque
875 420 976 470 terrae

312 499 359 552 ius
372 495 460 552 dedit
473 514 618 572 magnum
632 498 716 551 necis
729 502 822 571 atque
837 499 928 565 vitae,

313 581 419 652 ponite
433 576 551 634 inflatos
565 576 760 653 tumidosque
773 575 893 643 vultus3

313 658 463 735 quidquid
475 679 493 714 a
507 659 591 715 vobis
605 661 704 714 minor
718 661 901 733 expavescit,
1078 656 1138 716 610

313 743 407 796 maior
422 738 479 795 hoc
493 739 577 796 vobis
591 739 731 796 dominus
745 743 896 807 minatur3

314 840 404 878 omne
418 821 474 878 sub
488 839 584 896 regno
597 823 734 897 graviore
748 839 877 896 regnum
892 827 947 877 est.

313 921 406 978 quem
420 902 486 959 dies
498 901 576 959 vidit
590 905 716 959 veniens
731 901 905 977 superbum,

315 982 396 1041 hunc
409 983 475 1041 dies
489 982 566 1040 vidit
579 982 701 1059 fugiens
715 986 875 1040 iacentem.

217 1082 220 1087 ’
298 1084 404 1122 'nemo
418 1063 551 1122 confidat
564 1068 691 1121 nimium
705 1063 856 1135 secundis,

313 1165 405 1204 nemo
418 1146 562 1222 desperet
575 1145 701 1203 meliora
715 1145 823 1221 lapsis:

313 1231 422 1286 miscet
435 1226 511 1285 haec
525 1226 584 1285 illis
598 1226 802 1303 prohibetque
816 1226 927 1284 Clotho

314 1317 395 1367 stare
409 1307 573 1379 fortunam,
588 1316 670 1367 rotat
683 1328 774 1366 omne
789 1307 896 1366 fatum.

314 1410 405 1448 nemo
418 1398 483 1448 tam
496 1390 581 1448 divos
596 1389 704 1448 habuit
719 1389 867 1459 faventeS,

314 1476 478 1530 crastinum
494 1480 528 1528 ut
541 1479 646 1548 posset
659 1473 717 1528 sibi
731 1470 887 1547 polliceri:
1079 1469 1140 1528 620

314 1573 363 1611 res
375 1553 452 1611 deus
465 1561 584 1611 nostras
598 1552 691 1610 celeri
705 1556 813 1611 citatas

558 1635 682 1692 turbine
696 1641 803 1692 versat.

626 1814 752 1855 NVN'rlvs

274 1895 350 1969 Quis
363 1915 414 1954 me
428 1916 484 1973 per
497 1915 583 1953 auras
598 1897 688 1953 turbo
703 1897 901 1971 praecipitem
916 1894 1010 1952 vehet
1044 1918 1047 1923 ’

232 1985 358 2056 atraque
372 1979 454 2035 nube
468 1978 613 2048 involvet,
627 1985 663 2036 ut
675 1985 797 2035 tantum
811 1975 897 2034 nefas

233 2064 343 2136 eripiat
356 2058 471 2118 oculis?
513 2080 532 2116 o
546 2060 653 2117 domus
669 2057 774 2135 Pelopi
788 2077 908 2135 quoque

234 2149 267 2198 et
280 2139 409 2197 Tantalo
423 2141 584 2218 pudenda!

632 2264 745 2302 cuoirvs

590 2343 673 2416 Quid
687 2350 790 2422 portas
803 2346 895 2402 novi?

625 2547 751 2588 NVNTIVS

275 2625 435 2698 Quaenam
448 2631 507 2685 ista
521 2631 605 2704 regio
620 2629 688 2685 est?
731 2627 829 2705 Argos
845 2636 877 2685 et
892 2627 1010 2704 Sparte,
1025 2633 1092 2705 pios

235 2712 341 2765 sortita
355 2707 473 2780 fratres,
489 2717 521 2766 et
534 2713 624 2766 maris
639 2712 753 2786 gemini
767 2728 909 2785 premens
1259 2660 1260 2755 l

235 2788 337 2847 fauces
352 2790 523 2861 Corinthos,
536 2811 576 2847 an
591 2790 663 2849 feris
680 2791 787 2848 Hister
801 2789 906 2867 fugam

235 2871 384 2946 praebens
398 2871 513 2943 Alanis,
528 2892 567 2928 an
582 2873 638 2930 sub
651 2879 777 2930 aeterna
791 2875 861 2928 nive
1078 2869 1139 2928 630

237 2952 380 3029 Hyrcana
394 2953 486 3011 tellus
499 2973 539 3010 an
554 2957 745 3030 vagipassim
761 2952 916 3030 Scythae?
1258 2978 1259 3071 p

235 3036 302 3110 quis
315 3032 365 3092 hic
379 3034 505 3092 nefandi
519 3042 567 3092 est
581 3037 718 3091 conscius
731 3037 858 3091 monstri
872 3034 977 3091 locus?

345 3175 354 3206 ¹
371 3175 412 3226 le.
427 3176 522 3226 Castor
532 3175 586 3224 and
598 3174 700 3226 Pollux.
737 3175 786 3227 See
799 3177 962 3239 Phoenissae,
975 3180 1030 3227 128.

240 3264 295 3314 142
