2556 3844
356 287 444 344 THE
472 276 712 347 TRAGEDIES
740 286 794 346 OF
822 285 983 346 SENECA

217 406 296 461 tauri
311 402 418 460 ferocis
432 405 554 478 sanguis
568 401 703 460 ostendit
716 401 823 478 fugas3
851 478 853 482 Α

218 495 266 553 vel
281 515 341 573 qua
354 495 416 553 alta
429 499 522 552 maria
536 498 649 553 vertice
664 497 812 552 immenso
826 499 938 571 premit

219 590 293 647 Inoa
306 609 406 666 rupes,
421 608 480 666 qua
494 589 591 647 scelus
605 588 726 665 fugiens
740 608 852 647 novum

122 683 126 689 ’
217 703 390 761 novumque
403 682 518 743 faciens
532 691 630 741 mater
643 683 760 741 insiluit
772 682 853 740 freto

217 796 351 834 mersura
364 784 470 834 natum
485 797 585 855 seque.
629 776 734 835 felices
748 778 856 855 quibus

217 868 339 927 fortuna
352 868 459 926 melior
471 877 535 927 tam
548 871 642 927 bonas
655 878 768 927 matres
781 868 877 928 dedit.

258 962 315 1022 Est
327 963 411 1021 alius·
417 968 482 1022 istis
496 971 600 1022 noster
614 968 646 1021 in
659 964 741 1022 silvis
754 964 848 1035 locus,

217 1061 269 1135 qui
282 1077 332 1115 me
347 1062 486 1134 reposcit,
501 1057 583 1115 hune
596 1066 700 1135 petam
715 1078 803 1116 cursu
817 1062 911 1116 incito
923 1077 931 1127 3

217 1170 279 1207 non
293 1150 456 1208 haesitabit
470 1171 599 1228 gressus,
613 1151 674 1210 hue
688 1155 771 1208 omni
785 1152 863 1209 duce

217 1243 362 1320 spoliatus
375 1246 433 1301 ibo.
477 1245 549 1322 quid
563 1265 663 1302 moror
677 1245 765 1302 sedes
779 1246 883 1302 meas?
1081 1249 1119 1300 30

216 1346 356 1409 mortem,
372 1337 544 1410 Cithaeron,
559 1340 654 1398 redde
669 1347 702 1398 et
716 1340 879 1415 hospitium
894 1337 969 1396 mihi

214 1432 292 1504 illud
306 1451 409 1489 meum
423 1436 560 1502 restitue,
575 1440 611 1490 ut
625 1437 761 1509 expirem
774 1452 867 1490 senex

217 1525 269 1581 ubi
283 1524 373 1581 debui
389 1524 497 1582 infans.
540 1529 641 1601 recipe
656 1525 837 1601 supplicium
851 1534 946 1583 vetus,

216 1636 336 1694 semper
351 1625 477 1674 cruente
491 1636 580 1674 saeve
595 1618 724 1675 crudelis
739 1616 833 1690 ferox,

216 1731 286 1769 oum
300 1711 411 1769 occidis
425 1719 541 1769 etcum
555 1716 661 1788 parcis,
676 1711 748 1768 olim
762 1716 821 1770 iam
835 1720 923 1771 tuum

216 1813 265 1864 est
277 1803 336 1863 hoe
350 1805 493 1864 cadaver:
515 1826 627 1883 perage
642 1808 819 1865 mandatum
833 1810 936 1883 patris,

215 1904 274 1957 iam
290 1908 323 1959 et
335 1905 449 1960 matris.
491 1906 609 1960 animus
622 1906 717 1978 gestit
731 1905 856 1979 antiqua
870 1904 979 1977 exequi

215 1994 370 2071 supplicia.
412 1996 486 2072 quid
499 2015 559 2066 me,
574 2003 655 2066 nata,
669 1995 815 2072 pestifero
828 2003 917 2052 tenes

215 2108 316 2146 amore
331 2091 488 2148 vinctum?
529 2089 602 2166 quid
617 2091 727 2147 tenes?
769 2092 890 2165 genitor
903 2095 998 2145 vocat.

215 2205 333 2264 sequor,
348 2205 467 2263 sequor,
481 2190 539 2243 iam
555 2191 866 2264 parce—sanguinem
879 2205 988 2263 gerens
1079 2191 1118 2242 40

214 2283 334 2355 insigne
348 2282 436 2355 regni
451 2278 541 2337 Laius
555 2283 634 2356 rapti
648 2279 740 2348 furit3

215 2393 255 2430 en
270 2391 351 2443 ecoe,
365 2376 471 2430 inanes
485 2374 623 2430 manibus
637 2370 756 2431 infestis
769 2377 850 2450 petit

214 2466 352 2544 foditque
367 2466 476 2525 vultus
520 2473 601 2537 nata,
615 2471 786 2543 genitorem
801 2466 905 2525 vides?
985 2496 992 2507 =

98 2558 102 2565 ’
214 2580 273 2638 ego
286 2559 383 2617 video.
425 2560 552 2617 tandem
566 2564 705 2636 spiritum
717 2564 874 2618 inimicum
888 2578 996 2636 expue‚

214 2654 351 2712 desertor
363 2658 474 2724 anime,
490 2652 576 2711 fortis
590 2658 622 2711 in
635 2661 755 2730 partem
768 2658 822 2712 tui.

214 2752 323 2806 omitte
337 2766 454 2824 poenae
469 2747 627 2824 languidas
641 2746 751 2824 longae
765 2765 872 2816 moras,

213 2849 403 2919 mortemque
418 2849 515 2899 totam
530 2840 667 2899 admitte.
710 2839 784 2919 quid
798 2842 899 2917 segnis
913 2837 1001 2897 traho

213 2936 294 3013 quod
308 2938 399 2993 vivo?
441 2934 560 2993 nullum
574 2935 674 2993 facere
689 2939 749 2992 iam
763 2953 883 3010 possum
898 2933 1004 2991 scelus.

213 3050 334 3106 possum
348 3033 447 3100 miser,
463 3030 640 3106 praedioo-
646 3028 770 3087 discede
784 3048 802 3085 a
816 3035 912 3105 patre,
1039 3087 1046 3095 ,

212 3122 345 3193 discede,
359 3126 452 3199 virgo.
496 3127 591 3180 timeo
605 3130 675 3200 post
689 3130 819 3181 matrem
833 3125 944 3179 omnia.
1078 3128 1117 3179 50
1170 3200 1178 3220 Ι

214 3253 272 3306 348
