2556 3844
357 305 445 362 THE
472 302 712 361 TRAGEDIES
739 303 795 361 OF
822 302 983 361 SENECA

215 419 339 477 fatidica
352 410 505 497 quondam
520 418 648 475 dederat
662 425 695 475 et
710 417 866 475 Parnassio

216 518 357 577 Cirrhaea
370 523 511 596 quatiens
524 517 641 594 templa
654 523 774 595 mugitu
789 538 896 595 specus
910 539 917 575 ε

216 617 355 674 “dextra
368 621 520 693 perempti
534 620 639 686 victor,
656 616 774 687 Alcide,
788 621 843 673 viri

215 714 287 772 olirn
302 715 414 772 iacebis
426 733 433 782 ;
455 714 504 771 hic
518 715 575 771 tibi
590 734 713 771 emenso
727 714 808 772 freta

216 822 371 890 terrasque
386 821 418 870 et
432 814 553 870 umbras
568 812 634 870 finis
649 820 804 870 extremus
818 813 936 870 datur.''

216 910 260 968 nil
274 915 428 988 querimur
441 911 522 969 ultra
534 931 541 979 3
562 911 666 968 decuit
680 911 762 968 hunc
777 910 868 967 finem
883 910 959 982 dari,

216 1030 256 1067 ne
270 1014 337 1087 quis
351 1018 504 1086 superstes
520 1009 662 1067 Herculis
677 1013 773 1067 victor
786 1010 874 1068 foret.
1044 1018 1124 1070 1480

216 1128 298 1165 nunc
312 1127 391 1165 mors
405 1108 525 1184 legatur
539 1108 618 1164 clara
628 1108 824 1165 memoranda
834 1108 960 1180 incluta,

216 1227 265 1264 me
280 1206 373 1284 digna
387 1226 515 1283 prorsus.
558 1205 692 1263 nobilem
707 1205 789 1263 hunc
804 1206 913 1264 faciam
927 1206 1018 1265 diem.

216 1305 361 1362 caedatur
374 1308 472 1362 omnis
486 1305 560 1362 silva
574 1313 606 1361 et
621 1304 773 1362 Oetaeum
788 1324 895 1362 nemus

217 1407 376 1480 conripite‚
391 1411 425 1461 ut
439 1406 548 1479 ingens
564 1401 732 1459 Herculem
747 1406 875 1478 accipiat
889 1422 989 1479 roguS,

217 1499 272 1558 sed
287 1509 359 1558 ante
374 1507 511 1557 mortem.
555 1508 600 1569 tu,
615 1520 712 1576 genus
729 1500 917 1571 Poeantium,

217 1597 274 1654 hoc
289 1601 376 1655 triste
391 1599 487 1668 nobis,
501 1601 627 1667 iuveniS,
642 1598 771 1657 officium
789 1619 918 1675 appara3

219 1694 373 1753 Herculea
386 1704 487 1752 totum
500 1695 620 1752 flamma
634 1697 799 1754 succendat
813 1697 903 1754 diem.

259 1794 308 1851 Ad
322 1802 355 1852 te
369 1813 475 1870 preces
489 1814 580 1864 nunc,
596 1793 701 1871 Hylle,
716 1815 870 1872 supremas
884 1795 958 1854 fero.

217 1902 265 1952 est
279 1893 358 1951 clara
372 1901 475 1969 captas
489 1898 580 1965 inter,
594 1898 626 1950 in
640 1892 725 1950 voltu
740 1913 837 1971 genus

217 2011 406 2069 regnumque
420 1991 565 2062 referenS,
582 1992 698 2069 Euryto
713 1996 797 2068 virgo
811 1992 895 2049 edita
1045 2000 1124 2060 1490

218 2089 290 2147 Iole.
334 2093 395 2147 tuis
410 2089 488 2146 hanc
502 2089 618 2147 facibus
633 2097 665 2147 et
679 2089 821 2148 thalamis
835 2110 914 2166 para.

216 2192 313 2245 victor
326 2195 470 2244 cruentus
483 2187 594 2245 abstuli
608 2191 736 2263 patriam
749 2188 826 2246 lares

216 2285 354 2363 nihilque
367 2289 495 2342 miserae
509 2293 630 2361 praeter
643 2284 774 2343 Alciden
788 2284 878 2356 dedi3

218 2391 251 2441 et
263 2386 328 2460 ipse
343 2386 466 2460 rapitur.
510 2391 620 2459 penset
634 2403 792 2441 aerumnas
807 2404 884 2455 suas,

218 2481 297 2540 Iovis
311 2490 457 2558 nepotem
471 2480 574 2538 foveat
588 2489 620 2539 et
634 2490 740 2540 natum
755 2482 899 2541 Herculis
911 2502 918 2552 3

217 2581 274 2638 tibi
287 2580 339 2637 illa
353 2585 451 2657 pariat
465 2579 613 2657 quidquid
628 2600 666 2638 ex
680 2582 766 2638 nobis
781 2582 882 2640 habet.

258 2677 366 2756 Tuque
380 2683 445 2754 ipsa
459 2677 598 2755 planctus
613 2699 692 2756 pone
707 2679 859 2750 funereos,
874 2699 989 2757 precor,

219 2795 238 2832 o
253 2776 331 2833 clara
345 2780 486 2853 genetrix
500 2797 507 2846 ;
528 2780 602 2834 vivit
618 2777 741 2834 Alcides
755 2779 819 2835 tibi.

216 2877 330 2931 virtute
344 2881 447 2931 nostra
461 2875 608 2951 paelicem
621 2875 681 2932 feci
695 2884 780 2933 tuam

253 3058 263 3089 ¹
279 3059 336 3109 Tho
347 3036 434 3110 oraclo
445 3059 473 3109 oi
490 3061 537 3111 the
549 3061 653 3126 talking
665 3062 738 3123 oaks,
752 3062 843 3112 sacred
855 3067 885 3113 to
896 3063 1013 3128 Jupiter,
1028 3079 1082 3113 was
1094 3070 1125 3116 ut

220 3123 339 3185 Dodona,
359 3125 387 3174 in
404 3126 521 3190 Epirus;
538 3127 585 3176 tho
601 3127 688 3177 oraclo
705 3129 733 3177 of
748 3128 845 3193 Apollo
862 3135 891 3178 at
909 3128 1007 3194 Delphi
1023 3145 1079 3180 was
1095 3132 1125 3180 in

219 3189 323 3252 Phocis,
336 3207 370 3241 ou
382 3191 481 3242 Mount
498 3192 651 3243 Parnassus.
688 3193 744 3243 Tha
762 3199 825 3259 poet
844 3194 932 3244 either
951 3210 1041 3245 nreaus
1061 3195 1126 3247 that

218 3280 276 3331 304
359 3356 362 3361 ἢ
