2544 3840
356 283 444 341 THE
472 281 713 341 TRAGEDIES
742 281 797 340 OF
825 280 987 341 SENECA

597 433 741 472 uniamur

255 514 325 570 Non
340 514 430 591 fugit,
444 514 543 584 altrix,
557 521 696 571 remanet
710 521 743 571 et
757 516 879 588 penitus
894 511 983 571 sedet
1061 521 1121 572 450

215 603 289 661 fixus
303 603 454 691 medullis,
469 602 579 671 crede3
600 603 654 660 sed
669 622 796 679 magnus
811 601 896 659 dolor

213 698 306 751 iratus
319 712 403 751 amor
416 700 472 751 est.

608 818 720 857 nvrnrx

477 899 602 956 Artibus
617 902 742 975 magicis
757 897 821 956 fere

213 993 353 1066 coniugia
367 996 482 1065 nuptae
496 989 636 1065 precibus
651 988 793 1047 admixtis
807 988 912 1065 ligant.

213 1098 338 1137 vernare
352 1083 424 1136 iussi
438 1078 549 1156 frigore
563 1083 595 1135 in
609 1074 711 1136 medic
725 1098 832 1136 nemus

212 1173 397 1247 missumque
411 1168 528 1227 fulmen
543 1176 622 1227 stare
635 1188 643 1237 ;
664 1173 801 1226 concussi
815 1168 928 1226 fretum

212 1267 350 1318 cessante
365 1267 468 1330 vento,
482 1258 639 1317 turbidum
652 1258 783 1335 explicui
797 1277 880 1315 mare

212 1357 245 1407 et
259 1353 337 1406 sicca
350 1348 442 1407 tellus
456 1347 591 1406 fontibus
606 1352 706 1425 patuit
720 1352 823 1416 novis3

211 1437 346 1495 habuere
360 1445 477 1495 motum
492 1457 572 1508 saxa,
582 1437 712 1495 ‘discussi
726 1436 827 1495 fores¹

212 1528 392 1603 umbrasque
408 1525 512 1597 Ditis,2
527 1534 559 1584 et
573 1545 641 1583 mea
655 1530 726 1583 iussi
734 1546 831 1603 prece

210 1635 315 1673 manes
330 1614 480 1685 locuntur,
495 1619 591 1673 tacuit
606 1614 743 1672 infernus
758 1619 858 1684 canis;
1055 1613 1115 1673 460

210 1725 271 1762 nox
285 1705 386 1764 media
400 1704 495 1762 solem
509 1705 586 1762 vidit
600 1713 632 1763 et
647 1712 770 1763 noctem
784 1704 849 1763 dies
860 1704 892 1774 ³3
1056 1703 1115 1763 462

210 1815 292 1854 mare
306 1804 388 1853 terra
402 1794 520 1852 caelum
534 1802 567 1853 et
581 1795 723 1853 Tartarus
737 1800 830 1853 servit
844 1794 919 1852 mihi
1055 1792 1111 1852 461
1164 1869 1166 1872 y

210 1884 347 1963 nihilque
360 1885 446 1963 leges
459 1884 498 1942 ad
512 1905 595 1943 meos
610 1893 717 1942 cantus
731 1893 827 1943 tenet.

210 1965 366 2033 flectemus
381 1974 475 2045 illum,
491 1979 623 2032 carmina
637 1979 796 2032 invenient
809 1978 876 2033 iter.

590 2140 732 2189 nuianrnn

249 2229 332 2300 Quas
350 2229 462 2288 Pontus
476 2229 585 2288 herbas
598 2236 727 2306 generat
740 2236 794 2287 aut
807 2248 881 2306 quas
896 2230 1039 2289 Thessala

208 2321 264 2377 sub
278 2339 353 2396 rupe
370 2319 482 2378 Pindus
495 2318 571 2377 alit4
585 2319 637 2377 ubi
651 2322 803 2377 inveniam
817 2320 932 2378 malum

208 2414 257 2467 cui
271 2409 361 2468 cedat
375 2409 451 2467 ille?
492 2413 624 2467 carmine
639 2412 671 2466 in
685 2416 780 2467 terras
794 2430 884 2486 mago

208 2499 375 2558 descendat
389 2504 477 2558 astris
492 2499 579 2558 Luna
592 2499 720 2557 desertis
736 2499 808 2557 iicet

208 2597 241 2647 et
255 2589 361 2647 bruma
375 2609 488 2648 messes
503 2589 605 2647 videat
620 2597 652 2647 et
667 2598 758 2648 cantu
775 2589 867 2667 fugax

208 2686 270 2737 stet
284 2679 510 2757 deprehensum
524 2678 641 2739 fulmen
656 2687 689 2738 et
703 2700 788 2738 versa
801 2684 867 2761 vice
1052 2682 1112 2742 470

206 2768 325 2827 medius
339 2774 450 2829 coactis
461 2770 577 2829 ferveat
592 2770 688 2828 stellis
702 2770 785 2828 dies:

205 2877 267 2915 non
281 2859 385 2918 flectet
399 2860 493 2918 illum.

237 3032 246 3066 ¹
264 3033 334 3085 foras
354 3052 391 3086 a:
414 3038 543 3100 reyarded
564 3053 595 3087 aa
617 3043 722 3100 campe
744 3038 777 3101 ty
795 3037 857 3098 Leo,
881 3037 937 3088 who
958 3037 1112 3101 conjectura

205 3099 303 3149 inferos
315 3120 320 3151 :
339 3101 446 3152 arbores
457 3102 523 3152 Birt.

237 3163 248 3195 ¹
262 3165 297 3215 So
309 3165 414 3216 Richter
422 3183 431 3216 .·
451 3166 500 3218 beo
511 3166 621 3218 umbrae
632 3168 756 3228 stetistis,
768 3167 830 3218 wirla
841 3190 867 3218 a.

205 3254 264 3306 222
