2432 3838
382 304 470 363 THE
498 302 737 364 TRAGEDIES
766 304 821 362 OF
849 303 1010 363 SENECA

323 441 377 497 par
390 420 442 478 ille
457 424 532 498 regi,
546 441 600 497 par
614 424 731 498 superis
745 424 811 478 erit.
1086 418 1147 479 610

323 523 341 560 ο
355 522 446 580 quam
459 506 603 560 miserum
618 511 666 561 est
680 505 796 560 nescire
807 502 901 559 mori!

365 583 501 641 Vidimus
515 589 645 660 patriam
661 592 802 641 ruentem
816 591 908 640 nocte
923 582 1055 654 funesta,

323 684 391 721 cum
407 664 550 722 Dardana
563 673 648 722 tecta
663 665 765 721 Dorici
779 668 926 740 raperetis
940 668 1035 742 ignes.

323 766 385 802 non
399 745 451 802 illa
465 745 546 803 bello
560 751 649 817 victa,
664 766 725 803 non
740 750 840 816 armiS,

323 834 358 884 ut
372 827 534 904 quondam,
551 826 705 884 Herculea
719 827 830 885 cecidit
843 826 1003 903 pharetra3

324 928 414 985 quam
429 928 491 965 non
507 907 590 965 Pelei
604 908 804 986 Thetidisque
819 916 909 965 natus

323 1009 468 1067 carusque
484 988 607 1046 Pelidae
622 994 749 1046 nimium
763 989 857 1047 feroci

323 1075 405 1140 vicit,
420 1074 552 1147 acceptis
567 1090 636 1128 cum
651 1070 736 1128 fulsit
750 1074 840 1128 armis

323 1151 464 1229 fuditque
479 1153 571 1209 Troas
585 1151 677 1209 falsus
693 1151 840 1223 Achilles,

322 1242 376 1291 aut
389 1254 457 1290 cum
473 1238 537 1309 ipse
555 1234 673 1291 Pelides
687 1237 802 1291 animos
816 1233 933 1291 feroces
1086 1231 1152 1295 620

324 1316 447 1373 sustulit
461 1316 546 1373 luctu
562 1316 755 1393 celeremque
770 1314 848 1373 saltu

323 1396 456 1454 Troades
471 1400 595 1454 summis
608 1401 738 1454 timuere
752 1400 855 1467 muris,

324 1477 459 1552 perdidit
472 1482 504 1533 in
518 1477 605 1534 malis

324 1566 495 1615 extremum
509 1558 602 1616 decus
616 1557 738 1616 fortiter
752 1562 850 1626 viuci;

325 1643 440 1697 restitit
453 1643 552 1716 quinis
567 1641 613 1696 bis
626 1644 713 1697 annis

325 1724 413 1777 unius
428 1725 525 1778 noctis
539 1725 673 1796 peritura
687 1720 776 1778 furto.

366 1801 503 1860 Vidimus
518 1802 658 1860 simulata
671 1802 751 1860 dona

324 1882 411 1941 molis
425 1887 591 1942 immensae
607 1883 807 1961 Danaumque

324 1963 416 2022 fatale
430 1985 540 2023 munus
554 1965 694 2022 duximus
709 1973 812 2023 nostra

324 2045 439 2103 creduli
454 2046 562 2103 dextra
575 2050 762 2124 tremuitque
776 2065 867 2124 saepe

323 2127 428 2183 limine
443 2130 475 2183 in
490 2131 586 2202 primo
601 2130 730 2203 sonipes,
746 2132 880 2185 cavernis

325 2208 462 2265 conditos
476 2227 565 2283 reges
580 2208 755 2286 bellumque
770 2218 893 2286 gestans
906 2229 913 2278 ;

325 2296 357 2345 et
372 2289 458 2346 licuit
471 2288 557 2346 dolos
571 2309 689 2347 versare
704 2298 739 2347 ut
753 2294 810 2366 ipsi

325 2370 430 2428 fraude
447 2390 499 2428 sua
514 2370 659 2428 caderent
675 2370 800 2447 Pelasgi.

325 2471 415 2527 saepe
430 2460 599 2509 commotae
614 2472 743 2509 sonuere
757 2472 879 2528 parmae

324 2537 512 2610 tacitumque
526 2552 662 2590 murmur
676 2538 824 2609 percussit
837 2553 935 2604 011103,

269 2621 271 2625 ’
325 2622 360 2671 nt
375 2613 499 2672 fremuit
512 2614 592 2672 male
607 2614 734 2672 subdolo

325 2714 434 2770 parens
450 2695 581 2773 Pyrrhus
596 2695 684 2753 Vlixi.

406 2827 518 2885 Secura
531 2835 633 2886 metus
647 2828 753 2886 Troica
768 2830 863 2906 pubes

366 2928 464 2966 sacros
478 2909 594 2986 gaudet
607 2918 735 2987 tangere
750 2910 847 2968 funes.

364 2989 436 3047 hinc
450 2996 593 3068 aequaevi
609 2996 710 3067 gregis
725 2991 892 3068 Astyanax,

455 3122 463 3152 ¹
481 3122 625 3172 Patroclus.

452 3186 463 3217 ²
479 3187 521 3237 tle.
536 3192 565 3237 at
577 3187 623 3237 the
634 3186 716 3237 death
729 3187 757 3237 ol
768 3188 914 3238 Patroclus.
