<?xml version="1.0" encoding="UTF-8"?>
<!DOCTYPE html PUBLIC "-//W3C//DTD XHTML 1.0 Transitional//EN"
    "http://www.w3.org/TR/xhtml1/DTD/xhtml1-transitional.dtd">
<html xmlns="http://www.w3.org/1999/xhtml" xml:lang="en" lang="en">
 <head>
  <title>
</title>
<meta http-equiv="Content-Type" content="text/html;charset=utf-8" />
  <meta name='ocr-system' content='tesseract 3.04.00' />
  <meta name='ocr-capabilities' content='ocr_page ocr_carea ocr_par ocr_line ocrx_word'/>
</head>
<body>
  <div class='ocr_page' id='page_1' title='image "./senecastragedie01millgoog_0189.png"; bbox 0 0 2544 3840; ppageno 0'>
   <div class='ocr_carea' id='block_1_1' title="bbox 341 257 967 318">
    <p class='ocr_par' dir='ltr' id='par_1_1' title="bbox 341 257 967 318">
     <span class='ocr_line' id='line_1_1' title="bbox 341 257 967 318; baseline -0.003 -1"><span class='ocrx_word' id='word_1_1' title='bbox 341 259 429 317; x_wconf 85' lang='lat' dir='ltr'>THE</span> <span class='ocrx_word' id='word_1_2' title='bbox 456 257 695 318; x_wconf 87' lang='lat' dir='ltr'><strong>TRAGEDIES</strong></span> <span class='ocrx_word' id='word_1_3' title='bbox 724 258 778 316; x_wconf 91' lang='lat' dir='ltr'>OF</span> <span class='ocrx_word' id='word_1_4' title='bbox 806 257 967 317; x_wconf 85' lang='lat' dir='ltr'><strong>SENECA</strong></span> 
     </span>
    </p>
   </div>
   <div class='ocr_carea' id='block_1_2' title="bbox 319 372 992 859">
    <p class='ocr_par' dir='ltr' id='par_1_2' title="bbox 320 372 810 440">
     <span class='ocr_line' id='line_1_2' title="bbox 320 372 810 440; baseline 0 -9"><span class='ocrx_word' id='word_1_5' title='bbox 320 374 372 440; x_wconf 89' lang='lat' dir='ltr'>vel</span> <span class='ocrx_word' id='word_1_6' title='bbox 384 378 448 431; x_wconf 91' lang='lat' dir='ltr'>sine</span> <span class='ocrx_word' id='word_1_7' title='bbox 463 393 553 431; x_wconf 83' lang='lat' dir='ltr'>causa</span> <span class='ocrx_word' id='word_1_8' title='bbox 566 372 616 432; x_wconf 92' lang='lat' dir='ltr'>vel</span> <span class='ocrx_word' id='word_1_9' title='bbox 631 394 698 431; x_wconf 87' lang='lat' dir='ltr'>sero</span> <span class='ocrx_word' id='word_1_10' title='bbox 711 378 810 431; x_wconf 88' lang='lat' dir='ltr'>times.</span> 
     </span>
    </p>

    <p class='ocr_par' dir='ltr' id='par_1_3' title="bbox 319 454 793 531">
     <span class='ocr_line' id='line_1_3' title="bbox 319 454 793 531; baseline -0.002 -19"><span class='ocrx_word' id='word_1_11' title='bbox 319 455 390 512; x_wconf 90' lang='lat' dir='ltr'>nolo</span> <span class='ocrx_word' id='word_1_12' title='bbox 404 454 522 527; x_wconf 85' lang='lat' dir='ltr'>infelix,</span> <span class='ocrx_word' id='word_1_13' title='bbox 536 456 591 513; x_wconf 89' lang='lat' dir='ltr'>sed</span> <span class='ocrx_word' id='word_1_14' title='bbox 605 475 698 531; x_wconf 81' lang='lat' dir='ltr'>vagus</span> <span class='ocrx_word' id='word_1_15' title='bbox 712 459 793 514; x_wconf 89' lang='lat' dir='ltr'>intra</span> 
     </span>
    </p>

    <p class='ocr_par' dir='ltr' id='par_1_4' title="bbox 319 536 840 608">
     <span class='ocr_line' id='line_1_4' title="bbox 319 536 840 608; baseline 0.002 -15"><span class='ocrx_word' id='word_1_16' title='bbox 319 545 418 594; x_wconf 89' lang='lat' dir='ltr'>terror</span> <span class='ocrx_word' id='word_1_17' title='bbox 431 538 562 608; x_wconf 87' lang='lat' dir='ltr'>oberrat,</span> <span class='ocrx_word' id='word_1_18' title='bbox 577 538 691 595; x_wconf 90' lang='lat' dir='ltr'>subitos</span> <span class='ocrx_word' id='word_1_19' title='bbox 705 536 840 594; x_wconf 84' lang='lat' dir='ltr'>fundunt</span> 
     </span>
    </p>

    <p class='ocr_par' dir='ltr' id='par_1_5' title="bbox 320 617 812 689">
     <span class='ocr_line' id='line_1_5' title="bbox 320 617 812 689; baseline 0 -14"><span class='ocrx_word' id='word_1_20' title='bbox 320 617 399 675; x_wconf 85' lang='lat' dir='ltr'>oculi</span> <span class='ocrx_word' id='word_1_21' title='bbox 413 617 511 689; x_wconf 87' lang='lat' dir='ltr'>fletus,</span> <span class='ocrx_word' id='word_1_22' title='bbox 526 638 583 676; x_wconf 86' lang='lat' dir='ltr'>nec</span> <span class='ocrx_word' id='word_1_23' title='bbox 598 638 687 676; x_wconf 86' lang='lat' dir='ltr'>causa</span> <span class='ocrx_word' id='word_1_24' title='bbox 700 620 812 676; x_wconf 89' lang='lat' dir='ltr'>subest.</span> 
     </span>
    </p>

    <p class='ocr_par' dir='ltr' id='par_1_6' title="bbox 319 698 992 859">
     <span class='ocr_line' id='line_1_6' title="bbox 319 698 992 758; baseline 0.003 -2"><span class='ocrx_word' id='word_1_25' title='bbox 319 698 405 757; x_wconf 90' lang='lat' dir='ltr'>dolor</span> <span class='ocrx_word' id='word_1_26' title='bbox 418 720 456 756; x_wconf 90' lang='lat' dir='ltr'>an</span> <span class='ocrx_word' id='word_1_27' title='bbox 470 707 571 758; x_wconf 87' lang='lat' dir='ltr'>metus</span> <span class='ocrx_word' id='word_1_28' title='bbox 586 702 653 758; x_wconf 86' lang='lat' dir='ltr'>est?</span> <span class='ocrx_word' id='word_1_29' title='bbox 695 720 735 756; x_wconf 90' lang='lat' dir='ltr'>an</span> <span class='ocrx_word' id='word_1_30' title='bbox 748 699 842 758; x_wconf 86' lang='lat' dir='ltr'>habet</span> <span class='ocrx_word' id='word_1_31' title='bbox 855 699 992 758; x_wconf 79' lang='lat' dir='ltr'>lacrimas</span> 
     </span>
     <span class='ocr_line' id='line_1_7' title="bbox 482 781 770 859; baseline -0.01 -20"><span class='ocrx_word' id='word_1_32' title='bbox 482 802 593 859; x_wconf 86' lang='lat' dir='ltr'>magna</span> <span class='ocrx_word' id='word_1_33' title='bbox 606 781 746 858; x_wconf 84' lang='lat' dir='ltr'>voluptas</span> <span class='ocrx_word' id='word_1_34' title='bbox 759 783 770 836; x_wconf 89' lang='lat'>?</span> 
     </span>
    </p>
   </div>
   <div class='ocr_carea' id='block_1_3' title="bbox 596 957 708 997">
    <p class='ocr_par' dir='ltr' id='par_1_7' title="bbox 596 957 708 997">
     <span class='ocr_line' id='line_1_8' title="bbox 596 957 708 997; baseline -0.009 -1"><span class='ocrx_word' id='word_1_35' title='bbox 596 957 708 997; x_wconf 67' lang='lat' dir='ltr'>Arnuvs</span> 
     </span>
    </p>
   </div>
   <div class='ocr_carea' id='block_1_4' title="bbox 198 1046 1101 1287">
    <p class='ocr_par' dir='ltr' id='par_1_8' title="bbox 198 1046 1101 1287">
     <span class='ocr_line' id='line_1_9' title="bbox 240 1046 1101 1123; baseline -0.001 -19"><span class='ocrx_word' id='word_1_36' title='bbox 240 1046 363 1105; x_wconf 88' lang='lat' dir='ltr'><strong>Festum</strong></span> <span class='ocrx_word' id='word_1_37' title='bbox 378 1046 471 1117; x_wconf 91' lang='lat' dir='ltr'>diem,</span> <span class='ocrx_word' id='word_1_38' title='bbox 485 1066 639 1123; x_wconf 83' lang='lat' dir='ltr'><strong>germane,</strong></span> <span class='ocrx_word' id='word_1_39' title='bbox 654 1064 802 1103; x_wconf 85' lang='lat' dir='ltr'>consensu</span> <span class='ocrx_word' id='word_1_40' title='bbox 817 1049 882 1121; x_wconf 90' lang='lat' dir='ltr'>pari</span> <span class='ocrx_word' id='word_1_41' title='bbox 1041 1046 1080 1107; x_wconf 84' lang='lat'>97</span> <span class='ocrx_word' id='word_1_42' title='bbox 1082 1052 1101 1102; x_wconf 93' lang='lat'>0</span> 
     </span>
     <span class='ocr_line' id='line_1_10' title="bbox 199 1125 946 1206; baseline -0.001 -21"><span class='ocrx_word' id='word_1_43' title='bbox 199 1127 385 1206; x_wconf 86' lang='lat' dir='ltr'>celebremus</span> <span class='ocrx_word' id='word_1_44' title='bbox 398 1146 405 1196; x_wconf 94' lang='lat'>;</span> <span class='ocrx_word' id='word_1_45' title='bbox 426 1127 477 1184; x_wconf 84' lang='lat' dir='ltr'>hie</span> <span class='ocrx_word' id='word_1_46' title='bbox 492 1135 549 1199; x_wconf 87' lang='lat' dir='ltr'>est,</span> <span class='ocrx_word' id='word_1_47' title='bbox 564 1135 684 1204; x_wconf 86' lang='lat' dir='ltr'>sceptra</span> <span class='ocrx_word' id='word_1_48' title='bbox 697 1130 749 1204; x_wconf 93' lang='lat' dir='ltr'>qui</span> <span class='ocrx_word' id='word_1_49' title='bbox 764 1125 865 1184; x_wconf 85' lang='lat' dir='ltr'>firmet</span> <span class='ocrx_word' id='word_1_50' title='bbox 877 1146 946 1184; x_wconf 91' lang='lat' dir='ltr'>mea</span> 
     </span>
     <span class='ocr_line' id='line_1_11' title="bbox 198 1207 836 1287; baseline -0.003 -19"><span class='ocrx_word' id='word_1_51' title='bbox 198 1210 385 1287; x_wconf 83' lang='lat' dir='ltr'><strong>solidamque</strong></span> <span class='ocrx_word' id='word_1_52' title='bbox 399 1214 481 1285; x_wconf 83' lang='lat' dir='ltr'>pacis</span> <span class='ocrx_word' id='word_1_53' title='bbox 495 1209 602 1286; x_wconf 85' lang='lat' dir='ltr'>alliget</span> <span class='ocrx_word' id='word_1_54' title='bbox 617 1216 719 1266; x_wconf 78' lang='lat' dir='ltr'>certae</span> <span class='ocrx_word' id='word_1_55' title='bbox 735 1207 836 1266; x_wconf 88' lang='lat' dir='ltr'>fidem.</span> 
     </span>
    </p>
   </div>
   <div class='ocr_carea' id='block_1_5' title="bbox 575 1392 725 1432">
    <p class='ocr_par' dir='ltr' id='par_1_9' title="bbox 575 1392 725 1432">
     <span class='ocr_line' id='line_1_12' title="bbox 575 1392 725 1432; baseline -0.013 0"><span class='ocrx_word' id='word_1_56' title='bbox 575 1392 725 1432; x_wconf 65' lang='lat' dir='ltr'>‘retrusum</span> 
     </span>
    </p>
   </div>
   <div class='ocr_carea' id='block_1_6' title="bbox 198 1478 924 1721">
    <p class='ocr_par' dir='ltr' id='par_1_10' title="bbox 198 1478 924 1721">
     <span class='ocr_line' id='line_1_13' title="bbox 239 1478 924 1556; baseline -0.003 -17"><span class='ocrx_word' id='word_1_57' title='bbox 239 1480 336 1539; x_wconf 87' lang='lat' dir='ltr'>Satias</span> <span class='ocrx_word' id='word_1_58' title='bbox 350 1480 435 1556; x_wconf 90' lang='lat' dir='ltr'>dapis</span> <span class='ocrx_word' id='word_1_59' title='bbox 450 1501 499 1538; x_wconf 91' lang='lat' dir='ltr'>me</span> <span class='ocrx_word' id='word_1_60' title='bbox 514 1500 571 1539; x_wconf 85' lang='lat' dir='ltr'>nee</span> <span class='ocrx_word' id='word_1_61' title='bbox 585 1485 685 1537; x_wconf 93' lang='lat' dir='ltr'>minus</span> <span class='ocrx_word' id='word_1_62' title='bbox 701 1478 812 1536; x_wconf 87' lang='lat' dir='ltr'>Bacchi</span> <span class='ocrx_word' id='word_1_63' title='bbox 826 1488 924 1539; x_wconf 86' lang='lat' dir='ltr'>tenet.</span> 
     </span>
     <span class='ocr_line' id='line_1_14' title="bbox 198 1561 858 1639; baseline 0.002 -21"><span class='ocrx_word' id='word_1_64' title='bbox 198 1581 310 1638; x_wconf 85' lang='lat' dir='ltr'>augere</span> <span class='ocrx_word' id='word_1_65' title='bbox 325 1563 463 1619; x_wconf 81' lang='lat' dir='ltr'>cumulus</span> <span class='ocrx_word' id='word_1_66' title='bbox 476 1561 526 1619; x_wconf 87' lang='lat' dir='ltr'>hie</span> <span class='ocrx_word' id='word_1_67' title='bbox 540 1561 730 1638; x_wconf 87' lang='lat' dir='ltr'>voluptatem</span> <span class='ocrx_word' id='word_1_68' title='bbox 744 1570 858 1639; x_wconf 89' lang='lat' dir='ltr'>potest,</span> 
     </span>
     <span class='ocr_line' id='line_1_15' title="bbox 199 1643 754 1721; baseline 0.002 -21"><span class='ocrx_word' id='word_1_69' title='bbox 199 1646 223 1700; x_wconf 94' lang='lat' dir='ltr'>si</span> <span class='ocrx_word' id='word_1_70' title='bbox 238 1662 307 1700; x_wconf 86' lang='lat' dir='ltr'>cum</span> <span class='ocrx_word' id='word_1_71' title='bbox 321 1648 396 1700; x_wconf 91' lang='lat' dir='ltr'>meis</span> <span class='ocrx_word' id='word_1_72' title='bbox 410 1643 544 1721; x_wconf 84' lang='lat' dir='ltr'>gaudere</span> <span class='ocrx_word' id='word_1_73' title='bbox 558 1643 641 1701; x_wconf 86' lang='lat' dir='ltr'>felici</span> <span class='ocrx_word' id='word_1_74' title='bbox 655 1643 754 1702; x_wconf 87' lang='lat' dir='ltr'>datur.</span> 
     </span>
    </p>
   </div>
   <div class='ocr_carea' id='block_1_7' title="bbox 597 1829 708 1867">
    <p class='ocr_par' dir='ltr' id='par_1_11' title="bbox 597 1829 708 1867">
     <span class='ocr_line' id='line_1_16' title="bbox 597 1829 708 1867; baseline 0 0"><span class='ocrx_word' id='word_1_75' title='bbox 597 1829 708 1867; x_wconf 69' lang='lat' dir='ltr'>Arnuvs</span> 
     </span>
    </p>
   </div>
   <div class='ocr_carea' id='block_1_8' title="bbox 197 1917 1101 2314">
    <p class='ocr_par' dir='ltr' id='par_1_12' title="bbox 197 1917 1101 2314">
     <span class='ocr_line' id='line_1_17' title="bbox 240 1917 919 1995; baseline 0.003 -22"><span class='ocrx_word' id='word_1_76' title='bbox 240 1917 301 1973; x_wconf 89' lang='lat' dir='ltr'>Hie</span> <span class='ocrx_word' id='word_1_77' title='bbox 317 1937 382 1975; x_wconf 87' lang='lat' dir='ltr'>esse</span> <span class='ocrx_word' id='word_1_78' title='bbox 396 1926 483 1976; x_wconf 90' lang='lat' dir='ltr'>natos</span> <span class='ocrx_word' id='word_1_79' title='bbox 498 1919 588 1976; x_wconf 87' lang='lat' dir='ltr'>erede</span> <span class='ocrx_word' id='word_1_80' title='bbox 602 1922 633 1974; x_wconf 92' lang='lat' dir='ltr'>in</span> <span class='ocrx_word' id='word_1_81' title='bbox 648 1918 791 1995; x_wconf 88' lang='lat' dir='ltr'>amplexu</span> <span class='ocrx_word' id='word_1_82' title='bbox 806 1921 899 1994; x_wconf 87' lang='lat' dir='ltr'>patris</span> <span class='ocrx_word' id='word_1_83' title='bbox 912 1937 919 1986; x_wconf 93' lang='lat'>;</span> 
     </span>
     <span class='ocr_line' id='line_1_18' title="bbox 197 1997 893 2077; baseline 0.003 -23"><span class='ocrx_word' id='word_1_84' title='bbox 197 1997 246 2055; x_wconf 85' lang='lat' dir='ltr'>hie</span> <span class='ocrx_word' id='word_1_85' title='bbox 261 2007 333 2056; x_wconf 88' lang='lat' dir='ltr'>sunt</span> <span class='ocrx_word' id='word_1_86' title='bbox 347 2008 515 2077; x_wconf 81' lang='lat' dir='ltr'>eruntque3</span> <span class='ocrx_word' id='word_1_87' title='bbox 537 2000 620 2057; x_wconf 92' lang='lat' dir='ltr'>nulla</span> <span class='ocrx_word' id='word_1_88' title='bbox 633 2020 702 2076; x_wconf 86' lang='lat' dir='ltr'>pars</span> <span class='ocrx_word' id='word_1_89' title='bbox 715 2000 807 2075; x_wconf 92' lang='lat' dir='ltr'>prolis</span> <span class='ocrx_word' id='word_1_90' title='bbox 821 2007 893 2057; x_wconf 89' lang='lat' dir='ltr'>tuae</span> 
     </span>
     <span class='ocr_line' id='line_1_19' title="bbox 197 2080 916 2159; baseline 0.003 -23"><span class='ocrx_word' id='word_1_91' title='bbox 197 2080 254 2136; x_wconf 90' lang='lat' dir='ltr'>tibi</span> <span class='ocrx_word' id='word_1_92' title='bbox 269 2080 471 2139; x_wconf 84' lang='lat' dir='ltr'>subtrahetur.</span> <span class='ocrx_word' id='word_1_93' title='bbox 514 2101 582 2151; x_wconf 82' lang='lat' dir='ltr'>ora3</span> <span class='ocrx_word' id='word_1_94' title='bbox 604 2100 682 2159; x_wconf 88' lang='lat' dir='ltr'>quae</span> <span class='ocrx_word' id='word_1_95' title='bbox 697 2089 823 2156; x_wconf 79' lang='lat' dir='ltr'>exoptas</span> <span class='ocrx_word' id='word_1_96' title='bbox 837 2080 916 2138; x_wconf 90' lang='lat' dir='ltr'>dabo</span> 
     </span>
     <span class='ocr_line' id='line_1_20' title="bbox 197 2161 890 2238; baseline 0.001 -20"><span class='ocrx_word' id='word_1_97' title='bbox 197 2167 358 2238; x_wconf 89' lang='lat' dir='ltr'>totumque</span> <span class='ocrx_word' id='word_1_98' title='bbox 373 2163 462 2220; x_wconf 88' lang='lat' dir='ltr'>turba</span> <span class='ocrx_word' id='word_1_99' title='bbox 475 2168 534 2220; x_wconf 89' lang='lat' dir='ltr'>iam</span> <span class='ocrx_word' id='word_1_100' title='bbox 549 2183 601 2220; x_wconf 85' lang='lat' dir='ltr'>sua</span> <span class='ocrx_word' id='word_1_101' title='bbox 615 2161 750 2237; x_wconf 84' lang='lat' dir='ltr'>implebo</span> <span class='ocrx_word' id='word_1_102' title='bbox 763 2169 890 2237; x_wconf 85' lang='lat' dir='ltr'>patrem.</span> 
     </span>
     <span class='ocr_line' id='line_1_21' title="bbox 198 2243 1101 2314; baseline 0 -14"><span class='ocrx_word' id='word_1_103' title='bbox 198 2243 363 2314; x_wconf 79' lang='lat' dir='ltr'>satiaberis,</span> <span class='ocrx_word' id='word_1_104' title='bbox 377 2264 416 2301; x_wconf 92' lang='lat' dir='ltr'>ne</span> <span class='ocrx_word' id='word_1_105' title='bbox 430 2253 542 2302; x_wconf 88' lang='lat' dir='ltr'>metue.</span> <span class='ocrx_word' id='word_1_106' title='bbox 585 2262 666 2299; x_wconf 86' lang='lat' dir='ltr'>nunc</span> <span class='ocrx_word' id='word_1_107' title='bbox 680 2245 769 2298; x_wconf 85' lang='lat' dir='ltr'>mixti</span> <span class='ocrx_word' id='word_1_108' title='bbox 782 2246 859 2300; x_wconf 87' lang='lat' dir='ltr'>meis</span> <span class='ocrx_word' id='word_1_109' title='bbox 1042 2249 1101 2310; x_wconf 89' lang='lat'>980</span> 
     </span>
    </p>
   </div>
   <div class='ocr_carea' id='block_1_9' title="bbox 100 2321 850 2392">
    <p class='ocr_par' dir='ltr' id='par_1_13' title="bbox 100 2321 850 2392">
     <span class='ocr_line' id='line_1_22' title="bbox 100 2321 850 2392; baseline -0.004 -10"><span class='ocrx_word' id='word_1_110' title='bbox 100 2322 123 2353; x_wconf 65' lang='lat'>‘¹</span> <span class='ocrx_word' id='word_1_111' title='bbox 197 2325 329 2383; x_wconf 86' lang='lat' dir='ltr'>iucunda</span> <span class='ocrx_word' id='word_1_112' title='bbox 342 2344 464 2382; x_wconf 89' lang='lat' dir='ltr'>mensae</span> <span class='ocrx_word' id='word_1_113' title='bbox 479 2344 561 2382; x_wconf 86' lang='lat' dir='ltr'>sacra</span> <span class='ocrx_word' id='word_1_114' title='bbox 574 2323 714 2381; x_wconf 86' lang='lat' dir='ltr'>iuvenilis</span> <span class='ocrx_word' id='word_1_115' title='bbox 728 2321 850 2392; x_wconf 89' lang='lat' dir='ltr'>colunt;</span> 
     </span>
    </p>
   </div>
   <div class='ocr_carea' id='block_1_10' title="bbox 197 2404 817 2562">
    <p class='ocr_par' dir='ltr' id='par_1_14' title="bbox 197 2404 817 2562">
     <span class='ocr_line' id='line_1_23' title="bbox 198 2404 817 2482; baseline -0.002 -19"><span class='ocrx_word' id='word_1_116' title='bbox 198 2406 252 2464; x_wconf 92' lang='lat' dir='ltr'>sed</span> <span class='ocrx_word' id='word_1_117' title='bbox 265 2409 428 2463; x_wconf 88' lang='lat' dir='ltr'>accientur.</span> <span class='ocrx_word' id='word_1_118' title='bbox 471 2404 613 2482; x_wconf 86' lang='lat' dir='ltr'>poculum</span> <span class='ocrx_word' id='word_1_119' title='bbox 627 2404 728 2463; x_wconf 90' lang='lat' dir='ltr'>infuso</span> <span class='ocrx_word' id='word_1_120' title='bbox 743 2424 817 2482; x_wconf 89' lang='lat' dir='ltr'>cape</span> 
     </span>
     <span class='ocr_line' id='line_1_24' title="bbox 197 2485 456 2562; baseline 0.004 -20"><span class='ocrx_word' id='word_1_121' title='bbox 197 2485 313 2562; x_wconf 78' lang='lat' dir='ltr'>gentile</span> <span class='ocrx_word' id='word_1_122' title='bbox 328 2486 456 2543; x_wconf 86' lang='lat' dir='ltr'>Baccho.</span> 
     </span>
    </p>
   </div>
   <div class='ocr_carea' id='block_1_11' title="bbox 574 2710 723 2750">
    <p class='ocr_par' dir='ltr' id='par_1_15' title="bbox 574 2710 723 2750">
     <span class='ocr_line' id='line_1_25' title="bbox 574 2710 723 2750; baseline 0.013 -2"><span class='ocrx_word' id='word_1_123' title='bbox 574 2710 723 2750; x_wconf 65' lang='lat' dir='ltr'>&#39;furseius</span> 
     </span>
    </p>
   </div>
   <div class='ocr_carea' id='block_1_12' title="bbox 197 2803 1020 3046">
    <p class='ocr_par' dir='ltr' id='par_1_16' title="bbox 197 2803 1020 3046">
     <span class='ocr_line' id='line_1_26' title="bbox 461 2803 818 2884; baseline 0.011 -23"><span class='ocrx_word' id='word_1_124' title='bbox 461 2803 553 2881; x_wconf 84' lang='lat' dir='ltr'>Capio</span> <span class='ocrx_word' id='word_1_125' title='bbox 566 2805 718 2866; x_wconf 84' lang='lat' dir='ltr'>fraternae</span> <span class='ocrx_word' id='word_1_126' title='bbox 732 2808 818 2884; x_wconf 89' lang='lat' dir='ltr'>dapis</span> 
     </span>
     <span class='ocr_line' id='line_1_27' title="bbox 197 2885 808 2961; baseline 0.01 -20"><span class='ocrx_word' id='word_1_127' title='bbox 197 2885 312 2942; x_wconf 88' lang='lat' dir='ltr'>donum</span> <span class='ocrx_word' id='word_1_128' title='bbox 324 2904 331 2953; x_wconf 91' lang='lat'><strong>;</strong></span> <span class='ocrx_word' id='word_1_129' title='bbox 352 2890 487 2961; x_wconf 86' lang='lat' dir='ltr'>paternis</span> <span class='ocrx_word' id='word_1_130' title='bbox 502 2890 571 2943; x_wconf 90' lang='lat' dir='ltr'>vina</span> <span class='ocrx_word' id='word_1_131' title='bbox 584 2887 719 2947; x_wconf 88' lang='lat' dir='ltr'>libentur</span> <span class='ocrx_word' id='word_1_132' title='bbox 733 2890 808 2960; x_wconf 81' lang='lat' dir='ltr'>deis,</span> 
     </span>
     <span class='ocr_line' id='line_1_28' title="bbox 197 2966 1020 3046; baseline 0.005 -22"><span class='ocrx_word' id='word_1_133' title='bbox 197 2974 271 3024; x_wconf 90' lang='lat' dir='ltr'>tune</span> <span class='ocrx_word' id='word_1_134' title='bbox 286 2966 566 3025; x_wconf 73' lang='lat' dir='ltr'>hauriantur-sed</span> <span class='ocrx_word' id='word_1_135' title='bbox 581 2969 654 3046; x_wconf 93' lang='lat' dir='ltr'>quid</span> <span class='ocrx_word' id='word_1_136' title='bbox 667 2970 748 3027; x_wconf 89' lang='lat' dir='ltr'>hoe?</span> <span class='ocrx_word' id='word_1_137' title='bbox 790 2970 900 3028; x_wconf 90' lang='lat' dir='ltr'>nolunt</span> <span class='ocrx_word' id='word_1_138' title='bbox 913 2989 1020 3029; x_wconf 87' lang='lat' dir='ltr'>manus</span> 
     </span>
    </p>
   </div>
   <div class='ocr_carea' id='block_1_13' title="bbox 196 3049 904 3210">
    <p class='ocr_par' dir='ltr' id='par_1_17' title="bbox 196 3049 904 3210">
     <span class='ocr_line' id='line_1_29' title="bbox 197 3049 904 3130; baseline 0.008 -27"><span class='ocrx_word' id='word_1_139' title='bbox 197 3067 314 3124; x_wconf 88' lang='lat' dir='ltr'>parere,</span> <span class='ocrx_word' id='word_1_140' title='bbox 328 3052 436 3105; x_wconf 85' lang='lat' dir='ltr'>erescit</span> <span class='ocrx_word' id='word_1_141' title='bbox 449 3049 568 3125; x_wconf 89' lang='lat' dir='ltr'>pondus</span> <span class='ocrx_word' id='word_1_142' title='bbox 583 3059 615 3108; x_wconf 91' lang='lat' dir='ltr'>et</span> <span class='ocrx_word' id='word_1_143' title='bbox 629 3051 767 3108; x_wconf 88' lang='lat' dir='ltr'>dextram</span> <span class='ocrx_word' id='word_1_144' title='bbox 781 3061 904 3130; x_wconf 81' lang='lat' dir='ltr'>gravat3</span> 
     </span>
     <span class='ocr_line' id='line_1_30' title="bbox 196 3129 804 3210; baseline 0.008 -25"><span class='ocrx_word' id='word_1_145' title='bbox 196 3129 336 3186; x_wconf 84' lang='lat' dir='ltr'>admotus</span> <span class='ocrx_word' id='word_1_146' title='bbox 350 3132 422 3205; x_wconf 91' lang='lat' dir='ltr'>ipsis</span> <span class='ocrx_word' id='word_1_147' title='bbox 437 3129 572 3189; x_wconf 86' lang='lat' dir='ltr'>Bacchus</span> <span class='ocrx_word' id='word_1_148' title='bbox 587 3152 605 3188; x_wconf 83' lang='lat' dir='ltr'>a</span> <span class='ocrx_word' id='word_1_149' title='bbox 618 3133 708 3190; x_wconf 91' lang='lat' dir='ltr'>labris</span> <span class='ocrx_word' id='word_1_150' title='bbox 723 3132 804 3210; x_wconf 79' lang='lat' dir='ltr'>fugit</span> 
     </span>
    </p>
   </div>
   <div class='ocr_carea' id='block_1_14' title="bbox 200 3218 255 3279">
    <p class='ocr_par' dir='ltr' id='par_1_18' title="bbox 200 3218 255 3279">
     <span class='ocr_line' id='line_1_31' title="bbox 200 3218 255 3279; baseline 0.018 -1"><span class='ocrx_word' id='word_1_151' title='bbox 200 3218 255 3279; x_wconf 88' lang='lat'>168</span> 
     </span>
    </p>
   </div>
   <div class='ocr_carea' id='block_1_15' title="bbox 0 0 1276 3840">
    <p class='ocr_par' dir='ltr' id='par_1_19' title="bbox 0 0 1276 3840">
     <span class='ocr_line' id='line_1_32' title="bbox 0 0 1276 3840; baseline 0 1"><span class='ocrx_word' id='word_1_152' title='bbox 0 0 1276 3840; x_wconf 95' lang='lat' dir='ltr'> </span> 
     </span>
    </p>
   </div>
  </div>
 </body>
</html>
