2544 3840
385 956 691 1033 HERCVLES
729 954 992 1030 OETAEVS

617 1243 764 1295 nincvnus

277 1345 378 1404 Siron
391 1346 526 1418 deorum,
541 1350 626 1402 cuius
640 1363 798 1402 excussum
817 1364 908 1402 manu

237 1435 384 1505 utraeque
401 1426 515 1485 Phoebi
529 1431 668 1485 sentiunt
681 1424 798 1483 fulmen
812 1426 929 1497 domus,
989 1473 992 1479 ,

237 1528 342 1566 secure
357 1528 451 1585 regna
464 1528 471 1577 ;
492 1507 605 1585 protuli
620 1526 726 1584 pacem
740 1509 807 1578 tibi,

237 1608 426 1668 quacumque
441 1590 559 1648 Nereus
573 1592 686 1666 porrigi
699 1597 796 1647 terras
811 1597 903 1648 vetat.

237 1692 299 1728 non
314 1679 361 1729 est
375 1670 562 1739 tonandum3
583 1670 690 1747 perfidi
704 1691 792 1748 reges
807 1674 918 1742 iacent,

237 1757 318 1810 saevi
331 1756 461 1830 tyranni.
505 1751 650 1829 fregimus
664 1751 811 1829 quidquid
826 1751 886 1809 fuit

237 1835 293 1891 tibi
308 1833 540 1891 fulminandum.
585 1834 639 1892 sed
654 1833 730 1891 mihi
744 1834 871 1905 caelum,
885 1853 1005 1910 parens,

236 1915 337 1974 adhuc
351 1918 502 1993 negatur?
544 1920 630 1992 parui
644 1924 728 1974 certe
743 1915 815 1974 love

237 2000 349 2075 ubique
364 1998 475 2073 dignus
490 2005 584 2074 teque
598 2005 713 2055 testata
727 2004 775 2055 est
787 2017 890 2054 meum

235 2087 354 2155 patrem
369 2098 505 2136 noverca.
548 2078 622 2156 quid
636 2085 741 2136 tamen
755 2082 854 2136 nectis
869 2079 991 2136 moras?
1105 2084 1142 2137 10

236 2159 385 2237 numquid
399 2162 565 2217 timemur?
607 2159 756 2236 numquid
770 2163 947 2236 impositum
963 2160 1020 2218 sibi

236 2260 298 2298 non
313 2245 427 2317 poterit
441 2240 529 2299 Atlas
543 2240 623 2297 ferre
638 2260 707 2296 cum
722 2241 806 2299 caelo
822 2240 1011 2300 Herculem?

237 2322 311 2399 quid
324 2330 413 2393 astra,
427 2326 558 2400 genitor,
573 2321 646 2399 quid
660 2324 778 2398 negas?
819 2342 899 2381 mors
913 2341 962 2380 me
976 2322 1033 2380 tibi

236 2413 320 2462 certe
335 2408 460 2475 remisit,
475 2422 565 2462 omne
580 2407 729 2462 concessit
743 2402 856 2461 malum

236 2485 317 2562 quod
331 2493 413 2543 terra
427 2489 544 2561 genuit,
559 2493 671 2562 pontus
684 2504 736 2544 aer
748 2485 846 2543 inferi.

235 2566 336 2624 nulius
350 2586 405 2642 per
418 2567 509 2624 urbes
524 2574 605 2624 errat
619 2566 763 2625 Arcadius
779 2567 842 2638 leo,

236 2646 423 2724 Stymphalis
437 2650 498 2704 icta
512 2654 569 2718 est,
586 2648 719 2706 Maenali
733 2648 817 2706 nulla
831 2657 879 2707 est
895 2648 978 2717 fera;

236 2732 345 2805 sparsit
359 2735 536 2805 peremptus
550 2748 676 2786 aureum
690 2749 814 2806 serpens
829 2747 937 2787 nemus

236 2817 269 2866 et
283 2808 378 2886 hydra
392 2813 470 2867 vires
484 2813 586 2887 posuit
601 2817 633 2868 et
648 2817 736 2867 notos
753 2810 858 2866 Hebro

236 2909 340 2948 cruore
356 2894 485 2968 pingues
499 2891 654 2968 hospitum
668 2890 746 2968 fregi
761 2909 870 2967 greges
1101 2899 1141 2949 20

268 3099 276 3130 ¹
295 3099 361 3149 Eost
372 3100 423 3149 and
437 3101 523 3161 Wcst,
537 3117 567 3150 or
579 3100 644 3151 both
658 3100 845 3167 hemispheres.

235 3163 278 3280 H⁹
294 3164 350 3280 Tipe
367 3166 501 3219 Arcadian
519 3172 587 3235 stag.
622 3167 664 3216 Its
680 3174 789 3235 capture
800 3184 855 3218 was
867 3169 913 3218 the
924 3167 998 3219 third
1011 3168 1103 3218 iabour
1113 3169 1141 3218 oi

263 3246 324 3280 ercu
335 3247 371 3282 es.

239 3318 295 3379 186
