2544 3862
358 244 455 335 run
474 276 713 335 ‘sulcamus
741 276 796 334 or
823 275 984 334 sauros

217 397 381 472 avibusque
396 397 491 451 saevis
505 382 578 470 quas
592 392 756 450 Cithaeron
770 395 877 450 noxius

217 510 323 548 cruore
338 509 428 565 saepe
442 492 527 563 regio
541 491 653 544 tinctas
667 485 729 543 alit.

217 583 272 641 sed
286 602 377 660 quem
391 582 467 638 deus
481 581 645 651 damnavit,
660 581 772 638 abiecit
786 589 883 656 pater,

125 742 128 749 ⁴
217 696 297 734 mors
311 695 431 753 quoque
445 674 567 751 refugit.
611 677 749 750 praestiti
765 673 894 751 Delphis
909 673 1019 742 fidem;

217 775 389 848 genitorem
403 770 526 827 adortus
539 772 632 845 impia
646 773 737 826 stravi
752 789 836 827 nece.
1062 766 1122 825 260

217 866 275 923 hoc
288 865 347 922 alia
360 869 457 940 pietas
472 864 620 922 redimet:
641 863 737 921 occidi
750 871 878 939 patrem,

218 959 272 1018 sed
286 962 560 1016 matrem-amavi.
604 956 742 1034 proloqui
756 957 960 1034 hymenaeum
974 956 1072 1032 pudet

218 1053 384 1129 taedasque
398 1059 523 1109 nostras.
567 1051 620 1108 has
634 1070 754 1127 quoque
768 1054 898 1107 invitum
912 1054 976 1127 pati

218 1155 251 1204 te
266 1166 341 1222 coge
356 1164 486 1222 poenas;
506 1144 622 1202 facinus
637 1149 776 1220 ignotum
791 1143 916 1201 efferum

218 1245 396 1299 inusitatum
411 1240 501 1297 effare
515 1239 596 1316 quod
610 1237 714 1315 populi
725 1238 878 1307 horreant,

219 1335 300 1412 quod
315 1354 381 1391 esse
395 1334 510 1391 factum
524 1332 608 1389 nulla
621 1352 682 1389 non
697 1339 781 1389 aetas
795 1339 899 1408 neget,

219 1427 301 1505 quod
314 1426 493 1503 parricidam
507 1425 639 1501 pudeat:
660 1429 692 1481 in
706 1428 818 1501 patrios
831 1433 914 1483 toros

219 1520 276 1578 tuli
291 1528 419 1595 patemo
433 1522 580 1594 sanguine
594 1538 729 1594 aspersas
742 1538 849 1576 manus

220 1615 403 1691 scelerisque
418 1617 550 1690 pretium
565 1618 661 1672 maius
674 1619 778 1690 accepi
793 1615 899 1672 scelus,
984 1632 988 1639 ’

261 1708 343 1766 Leve
358 1716 406 1766 est
420 1716 581 1785 paternum
595 1707 730 1777 facinus3
748 1713 781 1765 in
794 1708 944 1767 thalamos
958 1730 1042 1768 meos
1064 1713 1123 1770 270

220 1804 354 1863 deducta
367 1811 475 1873 mater,
490 1822 530 1860 ne
544 1822 650 1878 parum
665 1803 786 1860 sceleris
800 1802 889 1874 foret,

220 1896 511 1956 fecunda—nullum
526 1901 640 1954 crimen
655 1897 712 1954 hoc
726 1901 822 1954 maius
835 1906 939 1973 potest

221 2001 329 2050 natura
343 1991 432 2049 ferre.
469 1995 494 2048 si
508 1991 590 2068 quod
605 1995 771 2048 etiamnum
787 1998 964 2064 esttamen,

220 2091 272 2164 qui
286 2086 386 2143 facere
400 2093 531 2166 possunt
542 2085 688 2142 dedimus.
732 2087 828 2143 abieci
843 2091 926 2145 necis

221 2184 352 2255 pretium
367 2186 513 2255 paternae
527 2185 681 2254 sceptrum
695 2187 728 2236 et
742 2179 800 2237 hoc
814 2184 926 2239 itemm
939 2200 1046 2238 manus

221 2277 348 2330 armavit
360 2273 453 2340 alias;
474 2276 590 2348 optime
604 2276 691 2348 regni
705 2277 766 2330 mei

221 2366 318 2424 fatum
332 2371 396 2443 ipse
411 2370 499 2435 novi;
520 2385 611 2423 nemo
625 2371 689 2424 sine
705 2386 788 2425 sacro
802 2367 882 2426 feret

220 2460 296 2517 illud
311 2480 423 2518 cruore.
466 2480 577 2538 magna
591 2465 743 2538 praesagit
757 2462 836 2518 mala

221 2563 366 2631 paternus
380 2558 505 2612 animus
549 2558 628 2612 iacta
641 2559 700 2611 iam
715 2564 787 2613 sunt
801 2561 917 2615 semina

221 2649 314 2706 cladis
328 2649 467 2717 futurae3
488 2653 642 2724 spernitur
655 2653 736 2724 pacti
750 2648 834 2708 fides.

221 2743 270 2799 hic
284 2749 431 2818 occupato
446 2743 555 2801 cedere
569 2746 696 2819 imperio
710 2751 814 2819 negat,

220 2842 267 2895 ius
281 2836 333 2895 ille
345 2845 377 2894 et
391 2841 445 2894 icti
458 2837 589 2899 foederis
602 2845 699 2895 testes
712 2837 786 2895 deos

221 2936 343 2988 invocat
357 2938 390 2988 et
404 2930 503 3008 Argos
518 2930 588 2988 exul
602 2939 694 3008 atque
709 2933 798 2990 urbes
813 2940 916 2991 movet

222 3026 327 3082 Graias
341 3029 374 3081 in
387 3044 478 3082 arma.
521 3044 583 3082 non
596 3024 671 3082 levis
684 3024 770 3083 fessis
784 3030 870 3083 venit

222 3124 309 3177 ruina
323 3119 436 3177 Thebis
450 3139 457 3188 ;
477 3120 541 3177 tela
554 3119 690 3176 flammae
705 3119 830 3177 vulnera

223 3235 282 3295 364
