2556 3844
387 323 476 381 Tun
503 324 743 383 innexurus
771 325 826 383 or
855 279 1016 383 sunnon

248 436 362 515 refugit
376 442 455 515 ignis
469 447 502 496 et
516 438 704 497 reluctantur
718 438 800 497 faces

248 544 281 593 et
295 538 431 594 membra
444 541 552 609 vitant,
567 536 621 594 sed
635 537 832 595 recedentem
851 537 1000 595 Hercules

248 638 417 712 insequitur
443 638 555 711 ignem.
599 635 764 694 Caucasum
789 644 841 693 aut
868 635 996 694 Pindum
1020 644 1074 694 aut

330 733 435 789 Athon
722 721 728 732 ’
1074 736 1153 795 1730

247 829 354 888 ardere
369 829 490 899 credas;
511 831 612 889 nullus
627 836 759 909 erumpit
773 852 873 903 sonus

247 936 368 986 tanturn
382 933 563 1006 ingemescit
576 934 663 1006 ignis.
708 951 725 986 o
739 930 849 987 durum
863 931 964 988 iecur!

247 1026 378 1104 Typhon
391 1031 423 1084 in
438 1027 490 1085 illo
503 1032 619 1104 positus
633 1034 772 1086 immanis
787 1049 859 1105 rogo

247 1129 413 1202 gemuisset
426 1131 491 1203 ipse
506 1129 618 1204 quique
633 1127 806 1185 convulsam
821 1126 883 1184 solo

247 1228 391 1301 imposuit
405 1229 516 1282 umeris
530 1225 629 1283 Ossan
644 1225 815 1283 Enceladus
829 1225 922 1282 ferox.

290 1321 331 1379 At
345 1322 397 1380 ille
411 1323 526 1380 medias
541 1327 622 1381 inter
637 1344 788 1400 exurgens
802 1323 894 1393 faces,

247 1424 409 1477 semiustus
422 1441 457 1476 ac
472 1421 610 1491 laniatus,
625 1422 812 1498 intrepidum
827 1429 937 1477 tuens:

209 1506 212 1512 ⁵
246 1523 266 1549 “
276 1536 358 1573 nunc
373 1537 405 1574 es
419 1520 527 1593 parens
543 1518 697 1574 Herculea
710 1537 717 1585 ;
738 1522 780 1574 sic
795 1525 874 1574 stare
889 1517 927 1573 ad
944 1536 1049 1592 rogum

247 1622 289 1684 te,
302 1614 429 1684 mater,'’
444 1617 553 1690 inquit,
570 1620 589 1648 “
599 1618 641 1672 sic
656 1614 747 1672 decet
760 1614 824 1672 fleri
840 1614 1036 1672 Herculem.”

245 1716 327 1769 inter
341 1730 465 1788 vapores
478 1715 594 1789 positus
609 1720 642 1770 et
655 1711 792 1769 flammae
807 1715 903 1769 minas
1073 1717 1151 1774 1740

245 1814 399 1882 immotus,
411 1814 616 1882 inconcussus,
629 1815 662 1868 in
676 1818 821 1868 neutrum
834 1810 915 1869 latus

246 1917 384 1985 correpta
397 1917 543 1987 torquens
556 1911 693 1967 membra
706 1908 895 1980 adhortatur,
913 1918 1027 1980 monet,

182 2050 186 2056 -
246 2011 326 2083 gerit
340 2007 454 2085 aliquid
468 2008 585 2066 ardens.
629 2009 769 2065 omnibus
783 2007 894 2066 fortem
909 2008 1028 2065 addidit
1105 2069 1114 2087 .

245 2110 378 2162 animum
394 2109 539 2163 ministris
552 2125 560 2174 ;
580 2126 668 2164 urere
683 2104 843 2164 ardentem
857 2114 954 2182 putes.

160 2252 162 2255 .
246 2211 351 2279 stupet
365 2224 455 2261 omne
470 2203 587 2280 volgus,
600 2209 649 2262 vix
663 2204 780 2262 habent
793 2204 930 2261 flammae
945 2202 1047 2273 fidem,

245 2308 309 2358 tam
323 2300 441 2378 placida
455 2300 537 2359 frons
552 2309 610 2373 est,
623 2310 710 2360 tanta
724 2306 865 2359 maiestas
879 2304 950 2358 viro.

245 2418 303 2457 nec
314 2408 459 2476 >properat
472 2404 536 2469 uri;
557 2420 686 2477 cumque
701 2405 761 2458 iarn
776 2400 847 2457 forti
862 2399 968 2457 datum

246 2498 309 2555 leto
323 2503 395 2556 satis
409 2503 557 2574 pensavit,
571 2497 715 2574 igniferas
729 2500 831 2557 trabes

245 2595 317 2653 hinc
331 2596 403 2654 inde
417 2601 520 2668 traxit,
534 2600 658 2653 minima
672 2616 746 2674 quas
759 2596 878 2655 flamma
889 2604 1027 2673 occupat,

245 2702 386 2772 totusque
400 2699 433 2752 in
446 2700 533 2771 ignes
547 2700 640 2753 vertit
655 2701 768 2774 etquis
782 2696 928 2773 plurimus
1073 2698 1149 2756 1750

246 2792 382 2851 exundat
395 2797 473 2869 ignis
488 2798 601 2871 repetit
616 2794 786 2871 intrepidus
800 2794 893 2851 ferox.

245 2899 320 2948 tunc
334 2911 385 2948 ora
398 2891 525 2949 flammis
539 2892 656 2970 implet.
698 2900 746 2949 ast
759 2891 803 2949 illi
816 2911 924 2968 graves

245 2990 350 3048 luxere
365 2991 493 3060 barbac3
514 3011 645 3069 cumque
658 2994 718 3048 iam
733 2990 849 3048 voltum
864 2994 966 3047 minax
1006 3000 1019 3011 “

192 3078 196 3082 “
246 3095 408 3165 appeteret
422 3091 511 3165 ignis,
525 3088 697 3147 lamberent
711 3088 848 3147 flammae
863 3096 964 3165 caput,

247 3206 309 3244 non
323 3191 432 3264 pressit
446 3187 655 3246 oculos—sed
668 3186 742 3264 quid
755 3186 835 3244 hoc?
876 3194 1023 3244 maestam
1038 3189 1140 3243 intuor

249 3291 306 3343 822
