2432 3838
345 241 434 299 THE
462 239 701 299 TRAGEDIES
729 240 785 299 OF
812 237 974 299 SENECA

205 355 295 412 turba
307 361 452 431 apparatu
466 355 472 410 l
513 354 575 411 sola
589 353 644 411 sed
657 354 748 411 turba
762 357 879 410 eminet

206 451 354 521 tenetque
368 463 473 520 regem
487 442 600 500 famula
614 444 737 501 veridici
751 443 810 501 dei.

206 532 326 591 feresne
341 533 467 592 thalami
481 538 561 591 victa
575 541 747 591 consortem
762 536 832 591 tui?

205 632 238 681 at
251 624 303 681 illa
317 623 410 681 nolet.
453 623 594 681 ultimum
609 632 657 681 est
671 633 785 700 nuptae
800 622 912 680 malum

205 714 305 790 palam
319 718 418 771 mariti
432 714 590 790 possidens
604 714 713 790 paelex
731 713 864 772 domum.

206 824 263 861 nec
277 824 372 882 regna
386 807 499 861 socium
513 802 593 860 ferre
608 823 666 861 nee
680 803 789 861 taedae
804 806 911 860 sciunt.

528 978 782 1018 ctvrnnrinnsran

247 1069 405 1146 Aegisthe,
420 1070 494 1147 quid
508 1089 557 1127 me
572 1088 673 1126 rursus
687 1072 720 1125 in
733 1088 878 1145 praeceps
892 1072 957 1145 agis
1050 1066 1114 1128 260

205 1164 339 1237 iramque
354 1160 479 1218 flammis
493 1164 553 1217 iam
568 1159 754 1217 residentem
768 1161 898 1218 incitas?

204 1254 341 1326 permisit
355 1251 470 1328 aliquid
483 1254 580 1308 vietor
593 1255 625 1306 in
640 1257 760 1327 captam
774 1250 831 1307 sibi
844 1269 851 1318 3

204 1360 261 1397 nec
276 1344 436 1416 coniugem
450 1339 508 1396 hoe
522 1344 673 1416 respicere
688 1358 744 1397 nec
759 1339 912 1396 dominam
926 1337 1029 1396 decet.¹

204 1429 253 1487 lex
268 1429 326 1486 alia
341 1429 415 1486 solio
430 1438 486 1499 est,
501 1428 559 1485 alia
572 1432 690 1505 privato
706 1434 738 1486 in
753 1438 828 1486 toro.

167 1591 170 1598 Ι
204 1501 278 1596 quid
293 1518 374 1595 quod
389 1537 507 1575 severas
521 1517 601 1576 ferre
615 1538 664 1575 me
679 1518 764 1594 leges
778 1523 842 1575 viro

205 1629 266 1666 non
281 1613 395 1685 patitur
409 1613 526 1666 animus
541 1613 638 1684 turpis
653 1609 775 1666 admissi
789 1611 928 1666 memor?
1012 1682 1017 1688 ἡ

203 1699 259 1757 det
272 1698 323 1756 ille
338 1703 456 1756 veniam
471 1697 559 1756 facile
574 1703 622 1756 cui
636 1704 724 1756 venia
738 1706 786 1757 est
800 1718 882 1775 opus

575 1876 735 1915 AEGISTHVS

245 1965 293 2023 lta
307 1967 376 2024 est?
418 1969 528 2042 pacisci
542 1974 678 2024 mutuam
694 1970 814 2025 veniam
828 1965 922 2022 licet?

203 2059 308 2131 ignota
321 2057 379 2113 tibi
393 2065 464 2113 sunt
478 2060 541 2113 iura
557 2076 719 2132 regnorum
733 2064 787 2112 aut
801 2057 899 2112 nova?

202 2145 289 2202 nobis
303 2144 428 2221 maligni
442 2145 566 2216 iudiceS,
580 2148 671 2222 aequi
685 2144 742 2202 sibi
1047 2146 1109 2206 270

203 2233 235 2291 id
249 2252 315 2290 esse
330 2238 416 2310 regni
431 2239 595 2292 maximum
610 2238 720 2309 pignus
734 2239 855 2308 putamt,

203 2329 228 2382 si
242 2324 390 2401 quidquid
403 2325 468 2382 aliis
482 2344 544 2381 non
558 2323 632 2380 licet
647 2322 716 2380 solis
731 2323 811 2380 lieet.

527 2498 781 2538 CLYTAEMNESTRA

244 2587 366 2664 ignovit
381 2588 522 2646 Helenae
535 2608 542 2656 ;
563 2591 667 2644 iuncta
683 2586 825 2644 Menelao
839 2586 919 2645 redit

202 2696 280 2754 quae
295 2677 446 2754 Europam
461 2686 494 2735 et
509 2677 612 2733 Asiam
626 2678 747 2753 paribus
760 2677 863 2734 afflixit
877 2676 971 2734 malis.

559 2820 733 2892 ‘Anolsrnvs

243 2942 304 3000 Sed
319 2940 402 2999 nulla
418 2940 547 2998 Atriden
562 2941 682 3000 Venere
697 2941 808 2999 furtiva
821 2940 948 2999 abstulit

201 3052 259 3089 nec
273 3037 356 3109 cepit
370 3034 503 3087 animum
519 3036 639 3109 coniugi
654 3033 833 3089 obstrictum
848 3049 927 3088 suae.

202 3211 240 3261 24
