2514 3828
356 284 445 342 THE
473 283 711 342 TRAGEDIES
740 282 794 341 OF
825 283 987 342 SENECA

218 420 278 478 quo
292 408 325 458 te
339 400 422 457 furor
436 404 575 476 provexit
588 403 754 457 attonitum
768 406 840 456 tuus

218 489 251 540 et
265 480 337 553 fata,
353 490 435 553 nate,
450 481 541 538 cedat
555 488 589 538 ut
604 484 698 538 tantis
712 479 799 537 malis

217 567 382 640 genetricis
397 567 441 620 ira
454 582 532 641 quae
546 571 601 620 tuo
615 560 730 619 scelere
745 560 879 619 oceidit?

217 649 336 702 utinam
350 653 515 722 antequam
529 651 563 702 te
577 642 734 720 parvulum
749 646 781 700 in
794 642 895 700 lucem
911 641 993 699 edidi

216 725 349 803 aluique,
364 745 470 783 saevae
484 733 589 783 nostra
601 725 784 782 lacerassent
798 723 880 782 ferae

216 812 349 875 viscera;
371 810 437 864 sine
451 806 515 863 ullo
530 806 654 877 scelere,
670 810 735 866 sine
750 824 840 865 sensu
855 809 1002 863 innocens

217 907 304 946 meus
318 887 499 956 occidisses3
520 892 641 945 iunctus
655 896 747 965 atque
764 887 894 944 haerens
907 886 984 944 mihi

218 989 339 1046 semper
353 973 488 1047 quietam
502 989 642 1027 cerneres
657 969 761 1027 sedem
776 968 916 1038 inferum,
1064 963 1124 1023 640

217 1070 344 1128 proavos
357 1059 548 1128 patremque,
562 1054 692 1107 nominis
706 1054 810 1127 magni
824 1054 912 1120 viros,

218 1152 293 1210 quos
307 1153 389 1190 nunc
403 1131 501 1210 pudor
514 1131 675 1209 luctusque
689 1139 856 1209 perpetuus
870 1137 975 1187 manet

219 1222 313 1286 exte,
329 1214 473 1285 nefande,
487 1233 598 1291 meque
613 1232 690 1291 quae
705 1212 799 1272 talem
813 1212 879 1270 tuli.

219 1295 294 1373 quid
308 1304 415 1372 tegere
431 1315 515 1353 cesso
529 1295 655 1353 Tartaro
669 1294 772 1352 vultus
786 1314 878 1370 meos,

220 1396 350 1435 noverca
364 1381 496 1434 coniunx
510 1384 609 1435 mater
623 1375 730 1436 infelix
744 1377 843 1433 meis?

570 1665 697 1707 ocrAle

423 1770 541 1828 Parcite
555 1770 685 1830 lacrimis
698 1774 780 1831 urbis
794 1771 873 1830 festo

381 1851 524 1930 laetoque
538 1851 599 1924 die,
614 1873 653 1911 ne
668 1862 772 1912 tantus
785 1874 869 1911 amor

381 1937 536 2010 nostrique
550 1933 634 1992 favor
647 1940 791 2012 principis
804 1955 887 1992 acres

382 2018 508 2074 suscitet
521 2019 579 2073 iras
594 2018 737 2095 vobisque
752 2036 809 2094 ego
823 2019 880 2073 sim

382 2115 470 2153 causa
484 2096 638 2155 malorum.
682 2118 744 2156 non
758 2097 816 2155 hoc
830 2102 959 2176 primum
1063 2092 1123 2153 650

381 2185 506 2253 pectora
519 2178 627 2236 vulnus
640 2199 709 2237 mea
722 2188 900 2248 senserunt3

381 2262 518 2334 graviora
531 2260 607 2328 tuli;
628 2259 713 2318 dabit
726 2260 776 2317 hic
790 2264 900 2318 nostris

382 2339 473 2398 finem
488 2344 567 2398 curis
580 2341 629 2398 vel
642 2349 741 2399 morte
755 2341 829 2399 dies.

382 2440 444 2478 non
460 2441 518 2499 ego
532 2425 613 2480 saevi
626 2442 752 2481 cernere
766 2442 856 2500 cogar

381 2507 518 2578 coniugis
532 2523 593 2574 ora,

381 2602 443 2640 non
457 2587 568 2641 invisos
582 2587 695 2642 intrare
709 2585 784 2642 mihi

381 2663 530 2722 thalamos
543 2663 674 2724 famulae
685 2686 692 2735 ;

381 2763 464 2803 soror
478 2746 619 2823 Augusti,
633 2768 695 2805 non
709 2767 784 2805 uxor
798 2768 857 2806 ero.

381 2827 483 2884 absint
496 2834 617 2886 tanturn
631 2832 734 2888 tristes
747 2848 863 2907 poenae
969 2896 972 2901 ⁴

381 2906 497 2984 letique
511 2916 619 2967 metus,
1063 2906 1122 2968 660

380 2988 530 3046 scelerum
543 2990 611 3061 diri,
624 2990 803 3061 miseranda,
817 2994 873 3047 viri

380 3077 469 3146 potes
483 3069 541 3127 hoc
555 3070 681 3129 demens
695 3090 815 3148 sperare
829 3074 966 3130 mernor?

382 3151 437 3209 hos
450 3150 489 3209 ad
503 3151 651 3211 thalamos
665 3161 782 3212 servata
795 3152 848 3211 diu
