2556 3844
364 322 453 380 THE
480 321 720 381 TRAGEDIES
747 321 802 380 OF
829 321 991 380 SENECA

225 441 292 495 sinu
307 445 468 514 gerentem
482 437 623 514 reliquias
636 440 739 513 magni
755 435 920 493 Herculisl

225 534 400 607 crinemque
413 535 528 588 iactans
542 530 712 607 squalidum
727 529 876 587 Alcmene
890 533 994 605 gemit.

603 756 741 795 anchona

263 857 393 928 Timete,
408 861 519 935 superi,
534 857 615 914 fata!
637 865 700 914 tam
715 877 823 934 parvus
838 861 913 915 cinis

225 951 406 1020 Herculeus,
421 950 482 1008 huc
496 950 555 1008 huc
569 949 621 1008 ille
636 950 772 1008 decrevit
788 952 912 1027 gigans!

223 1066 241 1102 ο
254 1053 378 1123 quanta,
392 1044 492 1116 Titan,
507 1045 545 1102 ad
560 1044 636 1105 uilril
651 1045 746 1102 moles
760 1046 824 1101 abit
836 1047 842 1101 l
1050 1045 1129 1107 1760

223 1141 320 1210 anilis,
335 1138 394 1197 heu
409 1159 470 1210 me,
484 1143 593 1215 recipit
607 1138 737 1196 Alciden
752 1143 845 1208 sinus

223 1235 273 1292 hic
287 1234 422 1292 tumulus
436 1234 480 1291 illi
494 1242 550 1292 est.
594 1254 665 1291 ecce
681 1238 729 1290 vix
743 1241 841 1291 totam
858 1233 1007 1290 Hercules

223 1328 387 1404 complevit
401 1347 526 1396 urnam3
547 1348 637 1404 quam
652 1328 719 1386 leve
734 1337 782 1387 est
795 1328 914 1405 pondus
927 1327 1012 1398 mihi,

223 1426 271 1478 cui
285 1428 369 1478 totus
383 1420 491 1479 aether
504 1422 623 1497 pondus
637 1423 776 1480 incubuit
789 1421 866 1480 leve.

223 1514 262 1570 ad
276 1513 402 1570 Tartara
414 1513 486 1569 olim
501 1534 667 1592 regnaque,
681 1536 699 1571 0
713 1523 795 1587 nate,
810 1516 917 1573 ultima

223 1607 376 1666 rediturus
390 1609 618 1687 ibas—quando
631 1611 670 1668 ab
685 1610 805 1668 inferna
819 1611 914 1690 Styge

223 1704 372 1761 remeabis
386 1704 521 1762 iterum?
563 1725 626 1763 non
640 1713 675 1763 ut
689 1713 722 1764 et
736 1706 865 1785 spolium
879 1707 980 1765 trahas

223 1818 385 1877 rursusque
400 1799 537 1859 Theseus
550 1801 664 1860 debeat
676 1800 777 1859 lucem
791 1804 889 1861 tibi-

224 1893 278 1952 sed
293 1894 415 1972 quando
429 1895 532 1954 solus?
574 1895 706 1954 mundus
719 1900 877 1972 impositus
891 1905 959 1954 tuas

225 1998 400 2066 compescet
414 1991 534 2046 umbras
548 1997 642 2063 teque
657 1989 818 2044 Tartareus
833 1993 915 2043 canis
1052 1986 1129 2049 1770

225 2081 364 2139 inhibere
377 2082 514 2156 poterit?
555 2076 676 2149 quando
691 2074 851 2127 Taenarias
865 2075 944 2129 fores

225 2173 367 2247 pulsabis,
381 2179 434 2225 aut
448 2185 521 2241 quas
535 2170 632 2217 mater
645 2159 684 2213 ad
699 2158 801 2217 fauces
810 2181 883 2238 agar

224 2283 283 2340 qua
296 2279 376 2317 mors
389 2257 512 2314 aditur?
554 2252 637 2309 vadis
651 2251 691 2309 ad
703 2273 808 2311 manes
823 2259 881 2313 iter

225 2356 382 2412 habiturus
396 2368 498 2407 unum.
541 2348 615 2423 quid
629 2348 710 2406 diem
726 2358 835 2427 questu
849 2352 938 2409 tero?

224 2446 297 2526 quid
312 2449 421 2502 misera
434 2441 524 2498 duras
538 2444 621 2500 vita?
664 2443 738 2521 quid
752 2443 851 2504 lucem
865 2448 974 2504 tenes?

224 2560 315 2619 quem
329 2556 435 2615 parere
450 2556 551 2596 rursus
566 2537 734 2596 Herculem
749 2558 870 2615 possum
887 2536 971 2600 Io'vi?

223 2638 290 2712 quis
304 2651 354 2689 me
369 2639 528 2708 parentem
543 2640 633 2690 natus
649 2632 819 2692 Alcmenen
835 2656 918 2694 suam

223 2735 328 2786 tantus
344 2729 485 2786 vocabit?
527 2747 545 2785 ο
559 2731 649 2784 nimis
664 2726 737 2785 felix
752 2732 850 2801 nimis,

224 2821 370 2881 Thebane
386 2826 527 2894 coniunx,
541 2821 658 2879 Tartari
673 2825 792 2882 intrasti
806 2823 872 2880 loca

224 2917 352 2976 florente
367 2926 440 2977 nato
454 2925 547 2995 teque
562 2920 739 2974 venientem
753 2916 843 2974 inferi
1051 2921 1127 2979 1780

224 3016 355 3070 timuere
370 3011 480 3082 forsan,
495 3010 576 3089 quod
591 3018 679 3087 pater
691 3018 812 3069 tantum
828 3011 981 3082 Herculia,

257 3132 266 3165 ¹
284 3134 337 3185 Leo
348 3135 439 3185 deletes
450 3135 476 3183 ll.
491 3137 565 3193 1756,
576 3136 652 3193 1756,
666 3132 772 3181 Richter
782 3135 930 3184 1755-1757
937 3154 945 3184 .·
956 3133 996 3182 tlte
1008 3134 1057 3183 last
1065 3139 1131 3198 port

223 3202 256 3261 of
262 3200 303 3250 the
313 3200 402 3264 apeaclr
413 3202 443 3263 of
452 3198 605 3249 Philocteteo
615 3199 638 3248 ia
648 3198 777 3262 supposed
787 3205 814 3249 to
824 3199 979 3261 havesallea
989 3206 1042 3249 oar.

226 3289 285 3342 324
