2556 3844
376 317 465 380 rua
492 284 731 381 nascamus
759 318 814 379 oa
842 316 1002 380 suasor

234 438 331 496 telum
347 439 458 514 (perire
472 437 604 494 feminae
618 457 739 514 possum
753 437 857 511 manu)

234 525 294 578 iarn
308 518 413 591 fracta,
427 524 487 575 iam
501 524 618 589 satiata,
633 519 706 596 quid
721 522 816 594 pascis
830 518 950 574 minas?

235 600 308 679 quid
323 604 441 678 quaeris
455 600 555 658 ultra?
597 600 764 676 supplicem
779 599 910 657 Alciden
923 598 1017 668 videS,
1062 604 1138 655 1330

236 690 269 740 et
283 682 366 739 nulla
379 681 481 752 telluS,
496 681 579 739 nulla
593 701 642 738 me
658 681 734 738 vidit
748 680 812 738 fera

235 773 268 821 te
282 763 508 840 deprecantem.
551 783 633 820 nunc
647 762 722 819 mihi
736 767 813 820 irata
830 760 976 839 quidem1

236 864 311 921 opus
326 852 373 902 est
387 864 637 902 noverca—nunc
652 852 723 901 tuus
738 852 836 901 cessat
849 843 955 900 dolor?

236 946 318 984 nunc
332 926 401 982 odia
415 928 522 1002 ponis?
564 929 660 1002 parcis
675 926 727 982 ubi
742 934 846 983 votum
861 932 908 981 est
922 927 1005 980 mori.

237 1027 255 1064 o
269 1014 350 1065 terra
365 1014 397 1064 et
411 1007 510 1077 urbes,
525 1026 586 1063 non
600 1005 699 1063 facem
713 1011 871 1085 quisquam
887 1005 1024 1075 Herculi,

237 1109 299 1145 non
313 1108 395 1145 arma
409 1087 534 1146 tradet?
576 1086 639 1145 tela
653 1087 829 1145 subtrahitis
843 1087 938 1144 mihi?

237 1174 280 1228 ita
294 1168 378 1227 nulla
392 1189 493 1227 saevas
507 1177 589 1227 terra
604 1173 754 1245 concipiat
768 1169 847 1226 feras

237 1259 306 1328 post
320 1271 369 1308 me
384 1250 538 1327 sepultum
551 1271 609 1309 nec
623 1270 706 1308 meas
720 1271 861 1329 umquam
876 1269 983 1306 manus

237 1333 380 1409 imploret
394 1333 473 1390 orbis
486 1351 494 1400 3
515 1336 539 1389 si
554 1352 613 1410 qua
627 1340 790 1390 nascentur
803 1330 891 1402 mala,

237 1422 378 1472 nascatur
390 1413 494 1471 ultor.2
535 1415 670 1491 undique
684 1413 791 1470 infelix
806 1419 897 1489 caput
1064 1417 1141 1468 1330

176 1494 181 1503 '
238 1503 371 1553 mactate
386 1499 473 1565 saxis,
488 1499 600 1553 vincite
614 1502 772 1552 aerumnas
786 1514 876 1552 meas.

238 1580 358 1653 ingrate
373 1596 470 1634 cessas
484 1577 588 1633 orbis?
629 1576 795 1633 excidimus
809 1576 888 1633 tibi?

238 1657 337 1715 adhuc
351 1656 437 1714 malis
452 1657 584 1735 ferisque
599 1661 771 1733 suppositus
785 1657 874 1728 fores

238 1743 271 1795 ni
284 1757 333 1796 me
348 1738 476 1796 tulisses.
520 1738 672 1795 vindicem
685 1746 819 1796 vestrum
833 1736 919 1795 malis

239 1824 358 1897 eripite,
372 1820 476 1898 populi
489 1840 496 1889 ;
517 1828 639 1897 tempus
653 1820 711 1878 hoc
725 1822 808 1878 vobis
822 1819 913 1877 datur

238 1922 366 1978 pensare
379 1906 609 1960 merita-mors
624 1906 682 1960 erit
696 1905 828 1979 pretium
842 1905 984 1958 omnium.

625 2204 763 2244 Amnum

281 2308 365 2381 Quas
378 2311 487 2366 misera
499 2317 596 2368 terras
609 2317 707 2367 mater
722 2310 848 2370 Alcidae
863 2312 991 2389 petam?

240 2392 292 2449 ubi
306 2398 405 2461 natus,
419 2392 564 2449 ubinam?
606 2399 689 2449 certa
703 2395 728 2449 si
742 2397 821 2451 visus
836 2401 932 2464 notat,

239 2472 361 2530 reclinis
375 2492 447 2530 ecce
461 2472 551 2530 corde
566 2472 731 2531 anhelante
745 2483 865 2532 aestuat
877 2495 885 2543 3

240 2558 350 2632 gemit3
364 2561 522 2630 peractum
533 2562 588 2611 est.
614 2556 751 2612 membra
761 2555 913 2632 conplecti
924 2555 1040 2626 ultima,
1066 2561 1143 2612 1340

240 2656 258 2692 o
273 2644 355 2706 nate,
366 2634 466 2706 liceat,
481 2639 603 2712 spiritus
618 2635 738 2713 fugiens
752 2657 821 2695 meo

240 2717 361 2793 legatur
375 2735 444 2785 ore;
466 2716 613 2788 bracchia,
627 2716 785 2794 amplexus
799 2739 915 2795 cape—

239 2797 292 2854 ubi
305 2797 443 2854 membra
456 2801 548 2855 sunt?
590 2799 642 2856 ubi
655 2797 708 2856 illa
721 2819 798 2877 quae
812 2799 960 2857 mundum
974 2798 1047 2857 tulit

240 2877 396 2955 stelligera
410 2880 534 2935 cervix?
576 2883 642 2958 quis
656 2881 713 2938 tibi
728 2886 867 2959 exiguam
881 2885 928 2938 tui

240 2966 360 3035 partem
373 2960 497 3038 reliquit
509 2961 521 3016 i

273 3065 282 3096 ¹
298 3065 334 3116 So
345 3064 369 3115 A
382 3081 390 3115 :
406 3064 502 3131 'tpater
513 3066 566 3116 Leo
578 3066 637 3116 with
649 3067 680 3128 E,
695 3067 868 3131 conjecturiny
879 3084 910 3117 ac
921 3068 985 3118 iera.

273 3129 334 3181 ²So
351 3131 473 3181 Richter:
489 3139 614 3182 nascatur
634 3133 702 3182 alius
720 3133 764 3183 A:
780 3139 904 3184 nascetur
923 3134 1013 3184 odium
1034 3133 1075 3184 lt:
1092 3134 1145 3184 Leo

241 3197 395 3260 conjectures
406 3202 531 3248 nascatur
542 3197 635 3262 opifer.

243 3296 303 3356 290
