2544 3862
364 328 453 386 rau
481 328 720 388 raaouorus
749 330 803 388 or
832 331 992 389 suuuca
1060 300 1064 307 ’

222 447 321 520 perire
335 442 597 502 volui—debitum
609 444 736 502 tandem
751 449 847 521 exige.

222 553 304 590 nunc
318 532 401 591 solvo
415 554 537 611 poenas,
551 542 626 592 tunc
640 535 697 591 tibi
711 534 834 592 inferias
849 535 929 592 dedi.

222 627 295 684 ades
309 635 401 703 atque
415 632 547 686 inertem
561 628 719 685 dexteram
732 631 879 686 introrsus
893 649 997 705 preme

222 719 379 793 magisque
393 736 516 794 merge;
537 718 645 775 timida
658 726 733 776 tunc
747 738 839 794 parvo
853 727 946 796 caput

222 806 329 863 libavit
343 805 453 864 haustu
466 812 576 884 vixque
591 812 750 885 cupientes
764 813 850 886 sequi

223 895 330 952 eduxit
344 893 453 953 oculos.
497 896 604 954 haeret
619 901 712 954 etiam
726 918 807 956 nunc
822 899 898 956 mihi

223 984 276 1041 ille
290 988 418 1056 animus,
432 986 550 1058 haeret,
564 1008 633 1044 cum
647 996 840 1046 recusantem
855 1010 978 1048 manum

222 1094 359 1151 pressere
374 1075 483 1134 vultus,
526 1077 631 1134 audies
644 1098 760 1150 verum,
774 1078 932 1156 Oedipus:

222 1168 322 1221 minus
337 1168 441 1222 eruisti
455 1166 570 1223 lumina
582 1166 727 1225 audacter
740 1176 804 1240 tua,

223 1274 314 1330 quam
328 1260 515 1333 praestitisti.
558 1278 640 1315 nunc
654 1279 778 1315 manum
792 1259 917 1316 cerebro
930 1259 1024 1316 indue
1035 1278 1043 1327 ;
1071 1266 1128 1317 180

223 1343 279 1401 hac
293 1354 380 1421 parte
394 1355 525 1405 mortem
539 1368 652 1425 perage
666 1369 725 1426 qua
739 1353 826 1425 coepi
838 1353 922 1406 mori.

598 1560 750 1599 ANTIGONA

264 1655 371 1730 Pauca,
386 1679 404 1717 o
418 1679 527 1737 parens
542 1666 745 1738 magnanime,
758 1665 946 1722 miserandae
960 1685 1067 1742 precor

222 1758 257 1807 ut
271 1751 363 1806 verba
377 1758 467 1808 natae
480 1760 585 1809 mente
599 1751 718 1828 placata
731 1753 842 1811 audias.

222 1860 284 1898 non
298 1848 330 1897 te
346 1849 381 1898 ut
394 1841 538 1898 reducam
552 1845 664 1899 veteris
677 1842 716 1899 ad
731 1847 864 1919 speciem
878 1844 985 1902 domus

222 1930 421 2007 habitumque
436 1934 523 2007 regni
537 1931 608 1989 flore
622 1930 791 2007 pollentem
806 1931 912 1990 inclito

222 2028 295 2096 peto
309 2028 363 2078 aut
377 2029 412 2078 ut
426 2026 494 2092 iras,
509 2029 681 2097 temporum
695 2021 770 2080 haut
784 2026 849 2099 ipsa
862 2043 946 2081 mora

222 2109 344 2180 fractaS,
358 2115 483 2168 remisso
496 2119 621 2186 pectore
634 2131 670 2168 ac
684 2112 803 2189 placido
817 2113 916 2182 feras3

222 2207 255 2256 at
269 2199 327 2255 hoc
341 2200 472 2257 decebat
486 2201 601 2258 roboris
614 2206 694 2259 tanti
709 2206 814 2274 virum,

223 2309 285 2346 non
300 2309 366 2347 esse
381 2291 437 2347 sub
452 2290 556 2347 dolore
570 2311 628 2348 nec
642 2296 756 2349 victum
770 2293 857 2350 malis

223 2380 295 2437 dare
310 2389 398 2456 terga
410 2399 418 2448 3
439 2399 501 2437 non
515 2388 573 2450 est,
587 2389 622 2438 ut
636 2389 735 2457 putas,
749 2386 853 2454 virtus,
868 2391 956 2459 pater
1069 2388 1126 2448 190

222 2475 332 2529 timere
347 2476 449 2541 vitam,
464 2471 519 2528 sed
532 2472 618 2529 malis
632 2474 808 2548 ingentibus

222 2562 343 2618 obstare
357 2581 415 2618 nec
430 2581 462 2618 se
476 2569 596 2618 vertere
611 2582 645 2619 ac
659 2570 742 2619 retro
760 2563 841 2622 dare.

222 2655 274 2727 qui
289 2650 352 2708 fata
365 2652 551 2728 proculcavit
564 2672 599 2709 ac
613 2656 693 2710 vitae
707 2654 787 2710 bona

221 2744 350 2816 proiecit
363 2749 456 2818 atque
470 2742 601 2800 abscidit
615 2751 648 2800 et
661 2763 746 2800 casus
760 2763 828 2801 suos

222 2836 359 2889 oneravit
373 2836 447 2909 ipse,
462 2836 510 2889 cui
524 2832 583 2889 deo
597 2831 681 2891 nullo
695 2842 743 2891 est
757 2854 842 2910 opuS,
865 2840 870 2846 '

222 2940 315 2996 quare
329 2922 382 2979 ille
395 2930 526 2979 mortem
540 2927 642 3000 cupiat
657 2931 710 2981 aut
724 2944 816 3001 quare
832 2926 938 3000 petat?

222 3018 386 3088 utrumque
400 3011 500 3069 timidi
515 3021 563 3070 est
575 3033 582 3081 ;
603 3033 694 3071 nemo
709 3018 893 3090 contempsit
906 3019 982 3072 mori

222 3106 275 3178 qui
289 3108 469 3182 concupivit.
513 3107 597 3161 cuius
612 3103 687 3162 haut
701 3103 781 3161 ultra
794 3103 874 3161 mala

223 3196 305 3252 exire
320 3202 457 3272 possunt,
471 3198 503 3250 in
518 3195 583 3252 loco
597 3203 666 3253 tuto
681 3202 728 3253 est
741 3199 825 3253 situs.

224 3296 282 3349 358
