2544 3840
370 315 459 373 THE
486 314 725 373 TRAGEDIES
754 315 809 374 OF
836 314 998 372 SENECA

229 429 384 507 hostisque
398 433 477 487 traxi
491 429 586 506 spolia
600 429 865 487 Thermodontiae.

228 511 291 569 vidi
305 511 449 569 silentum
463 510 526 568 fata
544 531 601 568 nec
615 518 737 567 tantum
750 511 826 581 redi,

228 593 282 649 sed
297 593 433 669 trepidus
447 600 547 650 atrum
562 592 727 648 Cerberum
740 591 817 649 vidit
831 591 896 648 dies

228 681 261 731 et
274 672 327 731 ille
342 673 444 731 solem.
487 673 589 731 nullus
603 673 740 731 Antaeus
755 672 848 750 Libys

228 759 360 811 animam
373 758 509 825 resumit,
524 754 636 811 cecidit
649 762 721 811 ante
736 774 800 811 aras
820 774 888 811 suas

229 835 353 906 Busiris,
367 856 427 893 una
442 844 489 893 est
504 836 628 912 Geryon
642 855 761 912 sparsus
775 855 867 892 manu

227 925 391 994 taurusque
405 917 524 994 populis
537 916 676 974 horridus
690 924 813 974 centum
828 937 927 993 pavor.

228 998 441 1076 quodcumque
456 998 547 1056 tellus
561 1002 670 1075 genuit
683 997 795 1055 infesta
810 998 922 1056 occidit

227 1100 356 1157 meaque
371 1079 471 1138 fusum
487 1088 535 1138 est
548 1079 693 1147 dextera3
713 1083 797 1137 iratis
812 1079 878 1137 deis

227 1181 289 1218 non
303 1160 390 1220 licuit
406 1182 480 1220 esse.

483 1242 515 1301 Si
529 1249 624 1318 negat
637 1240 768 1299 mundus
783 1241 862 1298 feras
1092 1249 1131 1301 30

227 1328 362 1380 animum
376 1323 527 1394 noverca,1
543 1323 638 1380 redde
652 1342 734 1380 nunc
748 1330 821 1379 nato
836 1330 954 1398 patrem

226 1405 275 1462 vel
289 1413 369 1463 astra
384 1404 462 1461 forti.
506 1424 563 1462 nec
578 1412 651 1481 peto
664 1412 700 1462 ut
714 1412 864 1461 monstres
879 1408 939 1461 iter
951 1423 958 1472 ;

226 1491 372 1561 permitte
386 1494 518 1556 tantum,
533 1490 654 1562 genitor
666 1506 673 1554 3
695 1490 847 1543 inveniam
861 1489 948 1541 viam.

226 1567 276 1624 vel
291 1571 315 1623 si
329 1571 419 1624 times
433 1586 473 1624 ne
488 1575 569 1624 terra
583 1572 734 1643 concipiat
747 1566 836 1636 feras,

225 1655 369 1724 properet
382 1648 495 1705 malum
510 1648 732 1726 quodcumque,
746 1648 820 1706 dum
834 1655 916 1705 terra
933 1647 1101 1705 Herculem

145 1768 148 1773 ·
225 1729 321 1787 habet
333 1729 478 1806 videtque
491 1749 498 1799 ;
519 1750 590 1787 nam
604 1735 671 1807 quis
685 1729 811 1787 invadet
823 1728 903 1785 mala

225 1818 278 1868 aut
292 1816 359 1888 quis
373 1831 428 1888 per
442 1813 531 1869 urbes
545 1832 646 1870 rursus
659 1811 817 1888 Argolicas
828 1815 887 1868 erit

227 1892 351 1951 lunonis
365 1893 435 1950 odio
449 1893 582 1969 dignus?
624 1897 656 1949 in
670 1901 772 1950 tutum
786 1911 869 1949 meas

224 1973 330 2032 laudes
343 1975 459 2050 redegi,
474 1975 558 2032 nulla
571 1994 621 2031 me
635 1973 729 2032 tellus
743 1973 821 2031 silet.

224 2074 274 2112 me
288 2059 384 2113 sensit
399 2075 484 2113 ursae
499 2055 644 2132 frigidum
658 2054 819 2132 Scythicae
833 2074 931 2130 genus
1090 2062 1129 2113 40

226 2135 381 2215 Indusque
398 2136 520 2194 Phoebo
535 2136 683 2206 subditus,
698 2155 806 2192 cancro
821 2136 921 2212 Libys.

224 2224 268 2287 te,
281 2216 361 2274 clare
376 2216 476 2288 Titan,
491 2225 605 2275 testor:
627 2220 742 2273 occurri
755 2218 813 2273 tibi

223 2317 413 2376 quacumque
427 2297 536 2375 fulges,
551 2318 608 2355 nec
621 2317 705 2355 meos
719 2297 771 2354 lux
785 2303 926 2375 prosequi

224 2383 325 2456 potuit
338 2379 518 2457 triumphos,
531 2380 601 2437 solis
616 2383 730 2437 excessi
744 2384 825 2437 vices

223 2464 365 2539 intraque
379 2470 497 2519 nostras
512 2463 649 2519 substitit
662 2469 760 2519 metas
774 2461 847 2518 dies.

223 2550 331 2600 natura
346 2547 447 2614 cessit,
461 2551 542 2600 terra
556 2542 671 2600 defecit
685 2543 831 2619 gradum:

222 2623 332 2682 lassata
345 2628 426 2699 prior
440 2632 495 2681 est.
538 2644 598 2681 nox
614 2632 647 2681 et
658 2631 832 2681 extremum
846 2623 937 2680 chaos

255 2755 264 2784 ¹
281 2754 316 2806 So
328 2754 441 2816 Richter,
454 2756 515 2806 with
526 2756 551 2805 A
561 2774 570 2806 .·
582 2756 635 2805 Leo
648 2757 781 2820 tanimum
792 2770 941 2815 novercam,
954 2755 1129 2820 conjecturiay

223 2819 330 2870 tandem
342 2836 478 2871 novercae.

255 2996 263 3027 ¹
281 2997 322 3046 ie.
333 2997 484 3112 thgpolden
493 2998 579 3064 girdle
588 2999 615 3049 oi
627 2999 784 3064 Hippolyta,
794 3015 879 3063 queen
888 2998 916 3049 of
928 2999 974 3048 the
986 3001 1125 3048 Amazone.

254 3062 265 3093 ²
281 3062 366 3128 Theg
401 3079 421 3124 s,
436 3064 464 3113 in
476 3065 572 3123 wuith,
582 3081 650 3116 were
662 3064 794 3130 supposed
806 3069 836 3114 to
848 3065 915 3114 have
927 3074 986 3114 seut
998 3071 1128 3113 monsters

222 3128 411 3245 ppatthvevreptrhth,
427 3128 479 3179 and
498 3130 532 3195 by
542 3131 653 3226 slaying
673 3131 748 3179 these
765 3130 894 3226 Hercules
913 3130 961 3179 has
980 3129 1128 3179 frustrated

225 3282 280 3334 188
