2432 3838
380 283 470 342 THE
498 281 737 341 TRAGEDIES
766 282 822 341 OF
850 281 1010 341 SENECA

242 406 302 461 iam
316 406 431 460 crimen
445 401 497 459 ille
511 404 630 477 quaerit
644 408 677 457 et
690 418 793 459 causas
807 406 902 476 parat

242 492 286 550 nil
301 512 366 550 esse
381 491 472 549 crede
486 498 577 566 turpe
591 494 784 548 commissum
797 490 873 558 tibi;

242 582 317 662 quid
330 582 460 639 honesta
473 580 597 657 prodest
611 585 684 652 vita,
697 579 812 657 flagitio
826 580 958 636 vacans?

241 675 294 732 ubi
309 672 449 730 dominus
463 671 529 729 odit
543 669 578 729 fit
591 689 713 740 nocens,
728 689 790 726 non
801 673 963 746 quaeritur.
1086 675 1147 727 280

242 762 424 839 Spartamne
438 769 560 838 repetes
574 768 677 837 spreta
691 768 724 818 et
738 759 873 818 Eurotan
886 768 975 818 tuum

135 848 140 853 ’
242 856 415 929 patriasque
430 852 518 910 sedes
532 850 682 928 profuga?
724 870 786 908 non
800 849 876 908 dant
890 853 1006 908 exitum

243 941 369 1019 repudia
383 960 498 1019 regum.
542 958 595 1017 spe
609 948 710 998 metus
724 939 799 997 falsa
812 939 902 998 levas.

569 1145 823 1185 CLYTAEMNESTRA

287 1244 407 1303 Delicta
421 1245 507 1301 novit
520 1262 611 1300 nemo
625 1246 682 1300 nisi
698 1241 774 1299 fidus
788 1261 864 1300 mea.

617 1453 777 1491 AnolsTHvs

286 1551 356 1609 Non
370 1555 466 1609 intrat
479 1570 621 1628 umquam
636 1554 755 1626 regium
769 1549 864 1608 limen
878 1548 961 1607 fides,

517 1786 521 1796 ,
570 1747 824 1787 CLYTAEMNESTRA

286 1845 404 1923 Opibus
419 1844 568 1914 merebor,
583 1851 617 1902 ut
631 1843 723 1902 fidem
737 1846 837 1920 pretio
851 1840 992 1916 obligem.

615 2048 775 2087 Amls'rnvs

285 2144 389 2203 Pretio
402 2154 507 2221 parata
520 2150 651 2203 vincitur
664 2148 764 2220 pretio
778 2142 861 2201 fides⁸

569 2337 824 2378 ctvrssssstss‘rns

283 2441 389 2517 Surgit
403 2438 541 2498 residuus
554 2440 700 2513 pristinae
714 2442 827 2497 mentis
842 2437 958 2514 pud0r;

244 2531 316 2608 quid
331 2529 505 2606 obstrepis?
547 2525 620 2603 quid
634 2545 707 2584 voce
722 2526 917 2606 blandiloqua
929 2529 1009 2586 mala

137 2612 141 2625 ’
244 2621 368 2680 consilia
382 2619 501 2677 dietas?
544 2615 660 2676 scilieet
673 2618 770 2675 nubet
783 2620 850 2690 tibi,
1094 2626 1170 2693 290

243 2706 350 2792 regern
365 2709 472 2768 relicto
486 2724 569 2787 rege,
584 2700 731 2781 generosa
746 2707 849 2765 exuli?

618 2901 777 2943 Assotsrnvs

285 3005 326 3062 Et
340 3022 393 3060 cur
407 2998 516 3057 Atrida
530 2997 634 3055 videor
648 2998 772 3057 inferior
785 3004 852 3073 tibi,

244 3102 335 3152 natus
349 3090 526 3168 Thyestae?

247 3246 286 3309 26
