2544 3840
360 291 449 350 THE
478 291 717 351 TRAGEDIES
745 293 800 351 OF
827 291 989 350 SENECA

217 426 275 483 ego
290 427 341 465 vos
355 411 492 483 tyrannis
508 407 629 484 regibus
643 411 786 466 monstris
799 407 871 465 feris

216 510 372 583 saevisque
387 514 474 582 rapto
488 506 608 564 vindice
623 511 749 584 opposui
763 507 837 564 deis.

216 624 323 674 cessas,
338 604 485 662 Tonantis
500 607 602 662 socia?
645 626 706 663 non
721 609 836 682 spargis
851 604 949 662 facem
1063 612 1122 663 880

215 706 334 760 imitata
348 701 472 773 fratrem
489 711 521 760 et
535 708 633 762 mittis
648 712 786 780 ereptam
801 704 865 760 lovi

215 820 325 877 meque
339 805 405 877 ipsa
418 802 541 878 perdis?
582 803 647 860 laus
661 804 719 861 tibi
734 810 840 879 erepta
854 801 969 859 incluta
983 810 1041 872 est,

215 903 324 975 ingens
338 900 510 977 triumphus
523 920 530 970 ;
551 901 673 972 aemuli,
690 901 775 971 Iuno,
791 906 837 960 tui

216 1005 346 1055 mortem
361 1002 512 1075 occupavi.

612 1142 722 1179 uvuuvs
956 1191 959 1197 1

514 1220 597 1291 Quid
611 1220 735 1277 domum
749 1218 910 1296 impulsam
924 1218 1039 1277 trahis?

217 1321 324 1375 erroris
338 1325 386 1375 est
402 1317 450 1374 hic
464 1337 555 1374 omne
570 1318 781 1395 quodcumque
799 1326 847 1375 est
863 1317 957 1378 nefas.

215 1414 290 1472 haut
305 1423 353 1473 est
367 1435 479 1473 nocens
494 1420 677 1493 quicumque
692 1436 753 1473 non
768 1424 877 1494 sponte
892 1423 939 1473 est
956 1435 1077 1474 nocens.

618 1582 760 1631 DElANlnA

257 1674 451 1752 Quicumque
465 1673 529 1733 fato
544 1679 674 1752 ignoscit
688 1684 720 1734 et
734 1679 831 1752 parcit
844 1676 909 1746 sibi,

217 1791 317 1830 errare
331 1777 451 1831 meruit.
495 1782 593 1832 morte
608 1775 743 1831 damnari
758 1773 867 1853 placet.

614 1931 724 1968 nruuvs

260 2014 381 2072 Nocens
397 2014 490 2072 videri
505 2018 557 2092 qui
571 2020 648 2072 mori
662 2018 781 2092 quaerit
795 2019 887 2092 cupit.

597 2197 739 2236 parsurus

170 2266 173 2271 ’
258 2278 342 2337 Mors
356 2283 536 2339 innocentes
550 2282 613 2340 sola
626 2281 772 2358 deceptos
786 2281 868 2341 facit
1058 2286 1120 2346 890

592 2471 706 2510 nunnus

256 2528 366 2588 Titana
380 2530 543 2608 fugiens-

596 2637 738 2685 oriturus

545 2730 614 2806 lpse
629 2750 678 2787 me
693 2730 783 2787 Titan
799 2729 887 2806 fugit.

614 2906 724 2945 uiuus

257 2963 359 3022 Vitam
373 2966 548 3043 relinques?

256 3249 275 3309 6
368 3172 376 3202 ¹
394 3172 436 3222 te.
451 3173 498 3223 the
513 3177 529 3200 ‘⁶
538 3175 652 3224 nation'’
664 3173 807 3225 addrecsed
819 3175 847 3224 in
858 3174 912 3225 line
923 3175 978 3228 871.

216 3258 253 3308 25
