2538 3846
380 299 468 357 THE
496 299 736 359 TRAGEDIES
766 301 821 360 OF
851 302 1013 360 SENECA

238 416 371 488 dubitat,
385 416 519 474 secundi
533 415 646 474 deinde
661 436 752 494 quem
768 416 861 474 caede
876 417 1023 475 immolet.

238 526 295 565 nec
311 510 450 577 interest,
466 507 518 563 sed
534 506 657 564 dubitat
672 514 704 564 et
718 526 842 564 saevum
856 507 954 564 scelus

238 601 323 655 iuvat
336 596 484 654 ordinare.

633 800 746 838 cuonvs

490 887 592 959 Quem
606 896 711 946 tamen
728 887 808 946 ferro
824 891 974 967 occupat?

624 1114 750 1155 NVNTIVS

279 1203 396 1263 Primus
410 1204 494 1263 locus
509 1204 562 1284 (ne
577 1204 666 1262 desse
681 1208 830 1280 pietatem
844 1202 949 1283 putes)

235 1315 291 1353 avo
306 1296 443 1354 dicatur:
464 1292 611 1353 Tantalus
625 1299 722 1374 prima
736 1294 835 1353 hostia
849 1303 904 1352 est.

628 1495 741 1534 cirons

276 1583 345 1656 Quo
359 1587 476 1642 iuvenis
491 1587 602 1656 animo,
617 1604 678 1662 quo
692 1582 764 1642 tulit
778 1582 864 1642 vultu
879 1587 1008 1642 necem?

625 1787 751 1826 NVN'rlvs

273 1875 370 1934 Stetit
383 1880 429 1934 sui
444 1895 566 1934 securus
580 1886 614 1934 et
628 1896 690 1933 non
705 1884 753 1934 est
766 1895 872 1952 preces
1080 1879 1097 1938 7
1100 1883 1140 1933 20

232 1972 332 2044 perire
346 1967 459 2026 frustra
473 1987 596 2044 passus3
617 1976 665 2025 ast
678 1967 723 2024 illi
737 1966 819 2025 ferus

231 2062 263 2115 in
278 2057 405 2116 vulnere
420 2077 525 2115 ensem
539 2058 699 2115 abscondit
713 2066 746 2115 et
760 2061 882 2134 penitus
897 2076 1039 2134 premens

183 2174 185 2179 ·
232 2146 337 2223 iugulo
351 2167 475 2204 manum
490 2151 659 2204 commisit:
681 2146 793 2203 educto
807 2151 894 2207 stetit

231 2236 312 2294 ferro
327 2236 463 2309 cadaver,
479 2256 609 2314 cumque
623 2236 794 2294 dubitasset
807 2235 869 2308 diu,

231 2326 287 2383 hac
303 2335 389 2403 parte
404 2348 442 2384 an
457 2328 509 2384 illa
523 2326 657 2397 caderet,
671 2329 704 2383 in
718 2334 860 2403 patruum
875 2325 964 2383 cadit.

230 2425 304 2475 tunc
319 2417 371 2475 ille
387 2418 426 2475 ad
441 2436 506 2474 aras
523 2416 711 2474 Plisthenem
725 2435 831 2474 saevus
846 2416 941 2474 trahit

230 2506 385 2584 adicitque
399 2505 504 2574 fratri3
526 2504 604 2563 colla
617 2526 759 2582 percussa
772 2513 912 2582 amputat
924 2526 931 2574 3

230 2601 348 2654 cervice
363 2593 450 2653 caesi
465 2605 589 2654 truncus
603 2600 636 2653 in
649 2615 779 2673 pronum
793 2600 864 2665 ruit,

231 2685 392 2764 querulum
407 2691 538 2744 cucurrit
552 2706 705 2745 murmure
719 2692 837 2744 incerto
852 2693 951 2763 caput.

627 2850 741 2916 cuonvs

271 2964 354 3036 Quid
368 2965 481 3023 deinde
495 2970 619 3043 gemine
634 2968 727 3025 caede
742 2965 920 3043 perfunctus
934 2966 1030 3025 facit?
1075 2971 1092 3029 7
1096 2974 1135 3026 30

230 3073 365 3131 puerone
380 3060 477 3131 parcit
491 3076 530 3112 an
545 3058 642 3115 scelus
657 3057 764 3114 sceleri
778 3058 911 3133 ingerit?

232 3279 288 3329 150
