2538 3846
359 286 447 346 THE
475 286 714 349 TRAGEDIES
743 291 798 350 OF
826 290 987 351 SENECA

419 425 480 461 non
496 410 618 464 strictus
632 406 751 465 domuit
765 407 899 485 chalybs,

406 484 473 564 'qui
486 494 555 545 tuto
568 492 684 564 positus
698 487 765 545 loco

420 566 498 626 infra
512 588 544 627 se
559 568 644 628 videt
657 574 758 627 omnia

422 654 612 728 occurritque
626 671 680 709 suo
694 651 792 710 libens

420 729 484 788 fato
498 751 556 789 nee
570 737 707 809 queritur
720 737 804 791 mori.

414 822 434 829 “’
462 812 562 890 Reges
576 819 759 872 conveniant
772 814 846 873 licet

420 897 472 970 qui
486 914 603 972 sparsos
615 899 735 971 agitant
750 895 862 968 Dahas,
1062 901 1120 960 370

421 979 473 1052 qui
486 977 568 1034 rubri
584 976 660 1034 vada
672 977 769 1035 litoris

421 1064 454 1114 et
467 1061 596 1133 gemmis
609 1078 692 1117 mare
706 1058 814 1118 lucidis

420 1137 483 1196 late
497 1143 698 1217 sanguineum
713 1148 834 1212 tenent,

419 1228 473 1278 aut
487 1225 539 1298 qui
554 1221 660 1298 Caspia
670 1221 798 1280 fortibus

418 1301 581 1360 recludunt
596 1307 667 1380 iuga
681 1302 834 1374 Sarmatis,

423 1391 522 1441 certet
536 1383 668 1443 Danuvii
682 1384 793 1443 vadum

421 1464 516 1522 audet
530 1470 581 1542 qui
595 1465 690 1541 pedes
704 1466 824 1542 ingredi

420 1553 454 1603 et
467 1543 671 1624 (quocumque
685 1547 751 1604 loeo
764 1546 879 1626 iacent)

421 1626 510 1685 Seres
524 1627 636 1685 vellere
651 1628 810 1688 nobiles-

420 1728 507 1766 mens
521 1727 650 1786 regnum
664 1710 743 1768 bona
757 1711 901 1789 possidet.
1061 1719 1120 1770 380

419 1789 463 1846 nil
477 1789 546 1848 ullis
561 1811 635 1868 opus
650 1799 697 1850 est
712 1796 807 1870 equis,

420 1871 464 1929 nil
477 1876 567 1931 annis
582 1881 615 1931 et
629 1875 777 1932 inertibus

420 1954 490 2012 telis
504 1975 582 2032 quae
596 1955 701 2033 procul
715 1959 829 2032 ingerit

422 2034 560 2107 Parthus,
575 2056 644 2093 eum
658 2037 781 2095 simulat
794 2036 891 2114 fugas

419 2116 549 2174 admotis
562 2115 640 2173 nihil
654 2125 702 2175 est
715 2137 790 2194 opus

420 2197 510 2255 urbes
524 2205 661 2255 sternere
675 2197 832 2272 machinis,

419 2278 511 2355 longe
526 2299 596 2336 saxa
609 2281 787 2339 rotantibus.

420 2379 473 2417 rex
488 2368 536 2418 est
550 2364 602 2438 qui
615 2366 728 2420 metuit
741 2362 827 2435 nihil,

420 2460 473 2499 rex
489 2450 535 2500 est
550 2447 602 2521 qui
616 2448 720 2520 cupiet
734 2444 832 2502 nihil.1

420 2523 477 2580 hoc
491 2543 621 2602 regnum
636 2527 692 2583 sibi
707 2530 834 2603 quisque
849 2527 911 2584 dat.
1063 2531 1121 2590 390

460 2605 531 2664 Stet
545 2611 728 2684 quicumque
743 2608 826 2666 volet
840 2614 950 2684 potens

418 2686 505 2744 aulae
520 2687 652 2745 culmine
666 2687 800 2757 lub1ieo;

418 2787 469 2825 me
482 2767 579 2825 dulcis
593 2776 710 2825 saturet
724 2773 809 2845 quies
821 2788 829 2836 ;

419 2849 546 2905 obscuro
560 2853 675 2924 positus
689 2848 756 2905 loco

419 2928 481 2986 leni
496 2928 632 3006 perfruar
646 2933 718 3000 otio,

419 3009 510 3067 nullis
524 3018 598 3067 notu
612 3010 782 3083 Quiritibus

418 3099 502 3149 aetus
515 3110 571 3168 per
584 3096 713 3150 tacitum
726 3090 807 3151 fluat.

477 3196 487 3227 ¹
503 3195 555 3248 Leo
566 3198 657 3249 deletes
667 3199 731 3250 tinea
741 3202 799 3262 388,
811 3204 868 3252 389.

221 3269 276 3320 122
