2556 3844
358 324 446 381 THE
475 323 714 382 TRAGEDIES
743 324 798 382 OF
825 323 986 382 SENECA

573 475 768 513 Pffluoc'ru'rus

208 622 214 637 ,
260 565 351 637 Quod
365 585 460 622 unum
475 569 506 621 in
521 566 593 621 orbe
608 568 721 621 vicerat
735 563 872 620 nondum
885 562 1007 633 malum,

220 656 252 704 et
265 646 384 703 flamma
398 650 478 704 victa
492 654 539 703 est
552 665 559 714 ;
580 645 655 703 haee
670 664 789 722 quoque
804 650 931 703 accessit
950 645 1041 703 feris:

219 732 300 786 inter
315 728 431 785 labores
446 732 524 805 ignis
540 727 709 786 Herculeos
723 728 794 786 abit.

612 935 724 974 cuouvs

260 1024 400 1082 Edissere
414 1023 555 1102 agedum,
570 1023 688 1081 flamma
702 1042 762 1100 quo
776 1026 856 1080 victa
870 1029 917 1080 est
930 1022 1042 1079 modo?

572 1209 769 1248 PfflLochs

260 1298 302 1355 Vt
317 1301 413 1354 omnis
429 1296 532 1355 Oeten
545 1305 662 1355 maesta
676 1300 819 1372 corripuit
833 1316 951 1368 manus,

218 1379 289 1437 huic
305 1379 391 1455 fagus
405 1380 526 1436 umbras
542 1379 644 1455 perdit
659 1387 691 1437 et
705 1386 771 1435 toto
786 1382 866 1435 iacet

219 1466 348 1519 suecissa
361 1468 479 1530 trunco,
494 1459 590 1517 flectit
605 1460 654 1516 hic
668 1464 774 1537 pinum
788 1458 874 1516 ferox
1046 1456 1123 1517 1620

220 1546 308 1599 astris
322 1545 491 1598 minantem
507 1550 539 1598 et
554 1543 635 1598 nube
649 1540 689 1597 de
703 1539 804 1597 media
819 1547 907 1598 vocat
919 1559 927 1609 ;

219 1628 335 1680 ruitura
349 1630 470 1680 cautem
484 1627 579 1679 movit
594 1631 626 1680 et
641 1622 745 1679 silvam
759 1621 832 1679 tulit

220 1725 322 1762 secum
336 1708 492 1761 minorem.
537 1702 665 1761 Chaonis
680 1703 776 1779 qualis
789 1702 899 1779 loquax

219 1794 281 1844 stat
295 1794 379 1844 vasta
392 1785 455 1843 late
470 1805 597 1863 quercus
613 1794 645 1843 et
660 1784 818 1842 Phoebum
831 1792 917 1843 vetat

201 1905 204 1909 -
218 1868 358 1944 ultraque
372 1875 453 1924 totos
468 1871 596 1944 porrigit
610 1885 707 1923 ramos
721 1885 845 1934 manus3

219 1954 316 2025 gemit
330 1948 381 2005 illa
395 1948 492 2005 multo
507 1948 629 2005 volnere
644 1952 790 2024 impresso
803 1951 906 2004 minax

218 2029 392 2106 frangitque
407 2048 528 2099 euneos,
543 2029 639 2087 resilit
652 2033 788 2086 incussus
803 2028 927 2106 chalybs

219 2110 385 2187 volnusque
400 2109 513 2168 ferrum
528 2115 644 2187 patitur
658 2119 690 2167 et
704 2110 835 2186 rigidum
851 2118 898 2168 est
911 2130 1026 2187 parum.

219 2199 370 2248 commota
383 2190 509 2248 tandem
524 2211 593 2249 cum
608 2190 719 2249 cadens
734 2192 826 2248 latam
841 2197 887 2250 sui

218 2272 307 2330 duxit
320 2276 447 2343 ruinam,
462 2277 599 2349 protinus
613 2271 711 2329 radios
725 2271 809 2330 locus
1044 2270 1124 2331 1630

219 2354 341 2411 admisit
355 2373 481 2422 omnes;
503 2353 623 2412 sedibus
637 2353 743 2431 pulsae
758 2358 818 2411 suis

219 2435 354 2493 volucres
369 2443 527 2513 pererrant
540 2454 664 2492 nemore
678 2439 793 2493 succiso
806 2435 890 2494 diem

219 2525 430 2596 quaeruntque
444 2516 527 2574 lassis
542 2517 679 2595 garrulae
695 2521 795 2593 pinnis
810 2517 924 2575 domus.

218 2604 338 2676 iamque
353 2603 449 2655 omnis
463 2600 550 2656 arbor
564 2602 665 2655 sonuit
679 2606 711 2655 et
726 2618 826 2656 sacrae
841 2618 961 2676 quoque

219 2699 341 2737 sensere
357 2699 485 2758 quercus
500 2679 651 2736 horridam
666 2679 746 2737 ferro
760 2700 883 2736 manum

220 2760 356 2837 nullique
371 2765 503 2838 priscum
517 2760 631 2838 profuit
646 2761 713 2818 luco
727 2780 843 2818 nemus.

219 2846 374 2918 aggeritur
389 2846 485 2899 omnis
500 2842 573 2900 silva
588 2851 620 2900 et
634 2841 769 2899 alternae
783 2843 885 2899 trabes

218 2927 251 2978 in
264 2930 344 2980 astra
358 2922 473 2981 tollunt
489 2923 617 2981 Herculi
631 2931 795 3000 angustum
809 2942 915 3001 rogum
929 2945 936 2983 z

349 3144 358 3175 ¹
378 3144 426 3195 See
438 3145 524 3195 Index
536 3163 582 3196 av.
598 3150 615 3173 “
623 3145 759 3197 Chaonian
771 3147 869 3198 Oaks.”

348 3209 359 3240 ²
376 3210 517 3261 Oak-trees
530 3228 598 3262 wara
610 3213 752 3281 especially
763 3213 855 3271 saored
866 3218 895 3267 lo
906 3213 925 3268 J
926 3229 982 3263 ovo.

219 3300 277 3349 314
322 3310 335 3335 ὁ
