2544 3840
365 286 454 343 THE
481 284 721 342 TRAGEDIES
750 284 805 343 OF
832 283 993 342 SENECA

347 420 438 458 aurea
451 408 598 477 rumpunt
610 407 695 458 tecta
708 403 845 476 quietem

347 482 514 559 vigilesque
527 481 623 539 trahit
635 501 769 557 purpura
782 488 888 538 noctes

347 584 365 621 o
380 567 405 621 si
419 571 546 639 pateant
559 570 683 639 pectora
697 561 812 619 ditum!

347 652 476 721 quantos
489 648 571 702 intus
585 643 721 701 sublimis
739 648 804 720 agit

346 725 469 783 fortuna
482 726 599 782 metus!
643 725 762 782 Bruttia
776 724 852 781 Coro
1069 720 1129 781 650

346 806 487 882 pulsante
501 805 615 864 fretum
629 806 726 863 lenior
735 805 817 863 unda
828 813 883 863 est.

347 896 472 964 pectora
485 907 601 964 pauper
615 907 719 945 secura
733 891 833 963 gerit3

347 977 436 1027 tenet
450 989 467 1026 e
481 969 585 1045 patula
599 969 707 1045 pocula
721 968 802 1044 fago,

348 1050 403 1108 sed
416 1071 478 1107 non
492 1050 612 1126 trepida
626 1057 715 1107 tenet
728 1048 780 1106 illa
793 1069 885 1105 manu
898 1068 905 1118 ;

347 1136 444 1208 carpit
457 1131 560 1189 faciles
575 1132 709 1207 vilesque
724 1131 816 1201 cibos,

349 1213 402 1271 sed
417 1233 479 1270 non
493 1217 614 1270 strictos
627 1216 751 1288 respicit
764 1232 861 1269 enses.

347 1315 438 1352 aurea
451 1299 559 1352 miscet
573 1293 680 1371 pocula
694 1298 824 1369 sanguis,

389 1376 527 1433 Coniunx
541 1375 660 1432 modico
673 1383 769 1451 nupta
783 1379 891 1431 marito

348 1476 409 1513 non
423 1457 569 1532 disposito
583 1456 662 1513 clara
676 1456 781 1513 monili

348 1545 450 1612 gestat
462 1536 563 1614 pelagi
577 1537 657 1594 dona
670 1538 817 1608 rubentiS,
1069 1535 1130 1595 660

348 1638 405 1675 nec
419 1617 613 1692 gemmiferas
626 1618 762 1677 detrahit
775 1638 863 1677 aures

349 1699 424 1776 lapis
439 1699 503 1756 an
516 1698 614 1757 lectus
627 1704 660 1757 in
674 1699 766 1771 unda,

348 1800 405 1839 nec
420 1780 544 1839 Sidonio
557 1781 656 1838 mollis
670 1802 747 1839 aeno

349 1866 479 1939 repetita
494 1864 572 1920 bibit
586 1863 654 1920 lana
672 1865 806 1933 rubores,

348 1964 405 2002 nec
420 1944 562 2003 Maeonia
575 1945 737 2021 distinguit
749 1964 805 2001 acu

347 2045 425 2102 quae
441 2026 589 2083 Phoebeis
603 2026 741 2083 subditus
755 2029 835 2083 euris

348 2107 426 2183 legit
440 2107 511 2164 Eois
525 2106 581 2165 Ser
594 2108 758 2165 arboribus,

348 2189 504 2265 quaelibet
514 2187 626 2246 herbae
640 2193 760 2246 tinxere
775 2186 857 2245 colus

349 2288 422 2346 quas
436 2269 577 2327 indoctae
592 2288 704 2327 nevere
718 2288 843 2337 manus3

348 2350 403 2408 sed
417 2370 479 2408 non
493 2350 600 2408 dubios
614 2350 765 2407 fovet-illa
778 2358 869 2408 toros.
1069 2347 1128 2411 670

348 2436 485 2509 sequitur
497 2431 563 2489 dira
575 2431 716 2508 lampade
731 2431 840 2509 Erinys

348 2533 475 2591 quarum
488 2513 592 2589 populi
607 2513 727 2570 coluere
741 2512 824 2570 diem
837 2533 844 2581 ;

348 2615 406 2652 nec
420 2596 476 2652 sibi
488 2594 561 2652 felix
576 2614 691 2670 pauper
704 2594 836 2652 habetur

335 2680 404 2733 ‘nisi
419 2675 524 2733 felices
539 2675 683 2733 cecidisse
697 2675 789 2733 videt.

303 2781 308 2791 ’
389 2757 532 2833 Quisquis
544 2757 680 2815 medium
694 2756 816 2834 defugit
828 2761 888 2813 iter

348 2838 448 2896 stabili
463 2858 628 2915 numquam
644 2843 766 2896 tramite
782 2843 884 2896 currit.

347 2920 421 2978 dum
435 2924 515 2996 petit
528 2940 623 2977 unum
637 2921 783 2996 praebere
796 2920 879 2985 diem

259 3044 267 3074 ¹
286 3044 342 3094 The
353 3044 512 3094 north-west
524 3043 604 3093 wind.

226 3174 243 3225 S
257 3108 268 3139 ²
285 3110 341 3224 {lig
352 3109 484 3158 reference
495 3111 518 3158 is
530 3116 559 3159 to
570 3110 617 3159 the
632 3114 707 3174 story
724 3109 752 3158 oi
768 3110 815 3159 the
832 3109 920 3159 swerd
936 3109 964 3160 oi
981 3110 1128 3160 Damocles.

244 3191 274 3224 ee
302 3191 318 3224 n
338 3191 378 3225 ex.

227 3264 285 3316 238
