2556 3844
366 311 455 369 THE
482 310 723 368 TRAGEDIES
752 309 806 368 OF
821 307 982 367 SENECA

389 427 527 485 discedet
541 431 589 493 ¹via
602 425 729 496 Tartari,

389 509 492 566 fractis
505 516 541 566 ut
555 514 660 584 pateat
674 507 773 583 polis?

389 611 429 647 an
443 590 524 667 quod
538 589 647 647 dividit
661 588 786 646 aethera

390 693 408 728 a
421 676 509 729 terris
524 674 655 747 spatium
670 677 716 727 sat
734 678 781 728 est

369 771 374 780 ·
390 760 422 809 et
436 751 542 810 mundi
556 756 684 809 nimium
697 751 807 808 malis?

390 838 456 911 quis
470 841 591 891 tantum
605 837 705 909 capiet
718 831 831 911 (nefas)

389 915 497 986 fatum,
511 919 578 992 quis
592 934 716 990 superos
729 915 835 971 locus?

390 1004 519 1073 pontum
534 996 659 1053 Tartara
673 996 772 1053 sidera

390 1098 485 1154 regna
499 1098 577 1135 unus
591 1081 692 1153 capiet
705 1081 771 1134 tria.

431 1159 492 1217 Sed
507 1163 573 1237 quis
588 1179 650 1216 non
664 1158 800 1216 modicus
815 1156 916 1234 fragor

391 1261 478 1299 aures
492 1244 639 1298 attonitas
653 1241 778 1297 movet?

391 1332 438 1380 est
452 1330 499 1379 est
515 1321 687 1380 Herculeus
701 1341 799 1379 sonus.

608 1523 755 1561 uenerias
867 1511 872 1521 '

271 1629 433 1699 Converte,
446 1628 537 1685 Titan
553 1627 642 1705 clare,
657 1626 838 1685 anhelantes
853 1647 956 1704 equOS,

229 1714 338 1769 emitte
352 1718 475 1767 noctem
488 1729 495 1778 3
517 1716 624 1785 pereat
636 1708 686 1766 hic
700 1709 815 1766 mundo
826 1709 890 1767 dies

230 1812 290 1870 quo
303 1796 423 1863 morior,
437 1799 503 1848 atra
517 1792 597 1849 nube
612 1789 799 1848 inhorrescat
813 1791 900 1867 polus
913 1810 920 1859 ;

230 1876 317 1932 obsta
331 1893 487 1932 novercae.
524 1892 615 1943 nunc,
629 1880 726 1949 pater,
742 1892 866 1929 caecum
880 1871 970 1929 chaos

228 1956 316 2013 reddi
330 1955 469 2025 decebat,
483 1954 555 2011 hinc
570 1961 603 2016 et
616 1954 687 2010 hine
702 1955 897 2031 compagibus

228 2042 325 2113 ruptis
339 2045 468 2114 uterque
483 2035 591 2093 debuit
605 2035 705 2112 frangi
718 2035 813 2112 polus.

118 2145 126 2161 ·
229 2117 303 2195 quid
317 2122 413 2195 parcis
427 2118 535 2174 astris?
581 2117 746 2174 Herculem
761 2120 886 2187 amittiS,
900 2124 996 2192 pater.

229 2219 311 2256 nunc
325 2207 444 2275 partem
457 2202 490 2255 in
503 2216 635 2268 omnem,
650 2197 798 2274 Iuppiter,
813 2206 918 2274 specta
931 2198 1002 2274 poli,

229 2300 269 2337 ne
284 2284 351 2357 quis
365 2280 448 2357 Gyas
462 2278 634 2337 Thessalica
648 2279 797 2337 iaculetur
810 2284 882 2356 iuga

230 2369 263 2419 et
277 2361 329 2418 fiat
344 2361 459 2439 Othrys
473 2360 592 2438 pondus
607 2360 762 2419 Encelado
775 2360 851 2418 leve.
1056 2367 1133 2417 1140

229 2441 343 2501 laxabit
357 2447 414 2502 atri
429 2445 555 2500 carceris
570 2446 629 2498 iam
643 2446 703 2499 iam
717 2443 796 2499 fores

231 2523 342 2582 Pluton
357 2526 513 2601 superbus,
527 2522 647 2581 vincula
661 2527 797 2582 excutiet
811 2528 890 2600 patri

230 2604 407 2684 caelumque
422 2606 540 2664 reddet.
584 2605 636 2662 ille
651 2609 702 2682 qui
717 2625 771 2682 pro
785 2604 912 2662 fulmine

229 2691 350 2764 tuisque
365 2686 480 2747 facibus
494 2695 583 2744 natus
598 2691 630 2744 in
643 2691 732 2744 terris
747 2706 839 2757 eram,

229 2767 268 2823 ad
282 2767 378 2844 Styga
392 2777 544 2838 revert0r;
565 2776 670 2845 surget
685 2768 856 2825 Enceladus
870 2767 955 2824 ferox

228 2852 394 2926 mittetque
409 2869 469 2927 quo
483 2870 564 2908 nunc
578 2853 727 2927 premitur
740 2854 771 2906 in
787 2868 910 2925 superos
924 2868 1019 2919 onus;

229 2949 359 3006 regnum
373 2951 474 3001 omne,
487 2935 617 3007 genitor,
632 2930 764 2989 aetheris
778 2931 904 2989 dubium
914 2931 972 2988 tibi
1071 2949 1072 2953 ’

232 3065 1052 3074 *mm-w
1058 3064 1132 3071 prm*

264 3129 272 3161 ¹
290 3130 341 3180 Let
352 3131 399 3181 the
410 3130 494 3180 world
511 3130 544 3180 be
555 3130 687 3180 chrouded
705 3131 733 3180 in
750 3129 887 3192 darkness,
906 3131 968 3182 that
983 3130 1056 3181 Jnno
1073 3144 1136 3194 may

231 3201 279 3246 not
290 3212 333 3246 see
344 3196 392 3246 the
402 3195 485 3246 daath
495 3196 524 3246 of
535 3196 672 3246 Herculea

232 3277 291 3342 276
