2544 3862
367 262 456 321 THE
483 262 723 322 TRAGEDIES
752 262 807 321 OF
835 253 996 321 SENECA

227 377 364 435 subiecta
377 376 508 434 famulae
522 378 591 435 luce
605 397 667 434 non
681 386 768 455 grata
781 376 873 449 fruor,

226 450 401 536 trepidante
415 478 535 535 semper
549 458 640 516 corde
654 480 717 515 non
730 464 835 517 mortis
849 467 935 517 metu

227 540 280 598 sed
295 540 537 598 sceleris-absit
552 545 666 597 crimen
680 561 697 597 a
711 539 781 598 fatis
795 545 881 611 meis,

227 626 303 679 mori
316 623 432 679 iuvabit
444 642 451 690 3
472 641 571 698 poena
585 642 656 679 nam
670 626 789 699 gravior
802 641 879 680 nece
894 631 942 680 est

226 703 329 761 videre
343 702 476 760 tumidos
490 711 523 761 et
536 712 637 761 truces
650 708 778 761 miserae
792 704 868 761 mihi

225 784 327 845 vultus
340 789 462 862 tyranni
476 789 602 863 iungere
616 793 709 862 atque
723 785 803 844 hosti
817 785 926 856 oscula,
1073 795 1132 847 110

225 870 334 924 timere
349 874 441 924 nutus
456 870 540 925 cuius
554 868 733 945 obsequium
746 887 832 925 meus

225 947 308 1005 haud
322 946 401 1005 ferre
416 956 519 1025 posset
532 948 596 1005 lata
609 957 679 1025 post
693 948 793 1006 fratris
808 948 894 1007 dolor

224 1029 340 1087 scelere
354 1033 541 1107 interempti,
556 1034 640 1087 cuius
655 1034 815 1106 imperium
829 1032 918 1088 tenet

225 1119 258 1168 et
271 1119 353 1169 sorte
366 1110 482 1188 gaudet
495 1120 600 1169 auctor
614 1111 757 1169 infandae
771 1116 862 1170 necis.

225 1212 315 1270 quam
330 1212 420 1269 saepe
434 1197 530 1250 tristis
544 1194 650 1251 umbra
663 1198 801 1269 germani
815 1198 891 1251 meis

224 1274 349 1332 offertur
362 1274 466 1344 oculis,
480 1275 616 1332 membra
630 1294 700 1332 cum
713 1274 803 1333 solvit
817 1279 903 1352 quies

224 1364 257 1413 et
271 1356 350 1414 fessa
363 1355 435 1414 fletu
449 1355 564 1414 lumina
578 1360 728 1432 oppressit
742 1376 838 1433 sopor.

223 1438 314 1495 modo
328 1437 443 1495 facibus
457 1441 530 1495 atris
543 1445 640 1495 armat
652 1437 785 1496 infirmas
798 1458 905 1496 manus

223 1519 386 1596 oculosque
401 1527 434 1577 et
447 1538 499 1575 ora
513 1518 613 1576 fratris
627 1518 757 1577 infestus
771 1523 860 1596 petit,

223 1598 313 1657 modo
327 1598 464 1678 trepidus
477 1600 560 1658 idem
574 1600 689 1677 refugit
702 1604 734 1657 in
748 1600 897 1658 thalamos
911 1620 1012 1673 meos;
1071 1611 1127 1664 120

223 1686 416 1759 persequitur
431 1682 525 1739 hostis
539 1690 631 1759 atque
646 1681 818 1740 inhaerenti
831 1683 907 1740 mihi

222 1764 373 1821 violentus
388 1783 493 1821 ensem
507 1783 562 1840 per
576 1763 656 1821 latus
670 1772 805 1821 nostrum
821 1768 909 1841 rapit.

222 1853 297 1902 tunc
310 1853 424 1903 tremor
438 1853 471 1903 et
484 1849 594 1923 ingens
608 1850 726 1903 excutit
740 1865 859 1903 somnos
873 1865 965 1922 pavor

223 1934 409 2003 renovatque
423 1927 523 1985 luctus
537 1935 570 1985 et
583 1935 684 1985 metus
698 1931 826 1985 miserae
841 1926 927 1989 mihi.

222 2008 307 2066 adice
322 2007 369 2075 his
384 2009 546 2085 superbam
559 2008 718 2086 paelicem,
732 2017 853 2067 nostrae
868 2008 975 2083 domus

222 2089 324 2165 spoliis
338 2093 500 2160 nitentem,
515 2094 600 2149 cuius
613 2094 646 2147 in
660 2110 770 2147 munus
784 2110 868 2148 suam

221 2170 346 2247 Stygiae
361 2179 520 2246 parentem
534 2180 623 2230 natus
637 2175 781 2248 imposuit
795 2174 863 2243 rati,¹

221 2271 312 2328 quam
326 2249 391 2309 dira
405 2260 474 2329 post
488 2252 645 2329 naufragia
659 2261 801 2330 superato
814 2256 889 2310 mari

220 2333 301 2390 ferro
315 2337 472 2393 interemit
487 2338 602 2391 saevior
615 2333 717 2411 pelagi
732 2334 826 2392 fretis.

220 2434 298 2492 quae
313 2435 381 2492 spes
396 2415 500 2473 salutis
514 2424 584 2493 post
597 2414 683 2473 nefas
697 2424 818 2473 tantum
832 2414 932 2472 mihi?
1067 2424 1124 2477 130

219 2500 341 2555 inimica
355 2501 462 2554 victrix
476 2500 617 2555 imminet
630 2496 771 2555 thalamis
784 2502 861 2555 meis
938 2542 940 2545 -
969 2540 976 2549 ³
1006 2545 1010 2549 .

219 2578 350 2655 odioque
365 2582 460 2636 nostri
473 2578 580 2655 flagrat
594 2587 627 2636 et
640 2583 773 2655 pretium
787 2582 884 2656 stupri

218 2662 316 2717 iustae
330 2664 472 2717 maritum
486 2663 622 2736 coniugis
636 2664 733 2736 poscit
747 2669 846 2737 caput.
931 2686 932 2689 ¹

220 2759 378 2818 emergere
392 2742 506 2798 umbris
520 2749 553 2799 et
567 2741 616 2800 fer
628 2742 773 2799 auxilium
788 2750 860 2800 tuae

219 2830 309 2880 natae
324 2826 487 2894 invocanti,
502 2826 632 2900 genitor,
647 2831 701 2881 aut
715 2822 837 2902 Stygios
851 2826 934 2881 sinus

218 2902 330 2962 tellure
345 2912 434 2982 rupta
447 2904 559 2980 pande,
573 2924 633 2981 quo
647 2923 792 2981 praeceps
807 2904 894 2962 ferar.

250 3098 261 3145 .²
276 3098 318 3149 tc.
332 3098 407 3149 Acte.
445 3097 494 3149 See
506 3097 560 3148 line
573 3098 628 3159 197,
642 3103 712 3149 note.
772 3125 775 3128 ·

249 3163 263 3249 ,ε
277 3164 358 3226 ΝθΓο»
369 3165 397 3214 in
408 3163 547 3230 dimin&
557 3163 677 3227 smila,
686 3164 789 3231 ⁰110de
800 3164 962 3233 aduini-yae
973 3166 1022 3218 the
1032 3180 1118 3218 cause.

219 3255 277 3305 418
