2544 3840
385 282 474 341 nnn
502 281 743 344 inhonorus
771 240 827 343 or
855 284 1016 344 sunum

246 397 354 455 dilexit
369 397 473 467 lolen;
494 418 605 475 nempe
620 418 689 455 cum
703 407 799 457 staret
811 420 921 476 parens

245 496 385 569 regisque
400 501 503 551 natam
517 501 646 570 peteret.
689 497 722 550 in
735 493 866 552 famulae
881 494 980 553 locum

245 591 351 663 regina
365 587 496 656 cecidit;
517 588 651 664 perdidit
666 592 743 645 vires
758 608 841 646 amor

244 679 436 757 multumque
450 682 488 739 ab
502 681 554 738 illa
568 685 661 740 traxit
676 681 782 739 infelix
799 691 904 740 status.

244 774 350 832 illicita
364 783 513 847 amantur,
528 775 643 833 excidit
658 776 805 853 quidquid
824 777 905 834 licet.

625 955 769 1005 aninumr

287 1052 420 1110 Fortuna
433 1073 566 1110 amorem
581 1057 666 1129 peior
679 1054 846 1113 inflammat
861 1059 957 1132 magis
968 1076 975 1125 ;

245 1154 327 1204 amat
340 1147 389 1204 vel
403 1151 501 1223 ipsum
516 1147 598 1224 quod
612 1156 695 1205 caret
709 1152 807 1225 patrio
821 1149 894 1221 lare,

175 1306 181 1321 ι
245 1241 326 1319 quod
340 1242 439 1299 nudus
453 1262 526 1299 auro
541 1246 630 1300 crinis
646 1250 678 1301 et
692 1262 813 1319 gemma
827 1248 916 1316 iacet,
1092 1242 1151 1303 360

244 1339 323 1412 ipsas
337 1339 505 1393 misericors
519 1335 618 1394 forsan
633 1356 792 1394 aerumnas
807 1345 907 1406 amat3

245 1428 303 1485 hoc
318 1433 463 1487 usitatum
478 1438 526 1488 est
541 1430 680 1502 Herculi,
694 1439 797 1507 captas
816 1440 906 1488 amat.

643 1606 754 1645 NVTRIX

288 1690 409 1749 Dilecta
425 1692 533 1749 Priami
548 1711 659 1770 nempe
675 1693 821 1752 Dardanii
837 1714 919 1752 soror

247 1805 388 1843 concessa
402 1785 515 1844 famula
529 1795 594 1856 est;
615 1787 701 1845 adice
716 1796 791 1865 quot
805 1797 916 1866 nuptas
931 1793 1023 1866 prius,

247 1887 322 1958 quot
335 1884 467 1957 virgines
481 1880 597 1939 dilexit.
641 1886 752 1939 erravit
766 1903 867 1960 vagus.

246 1974 377 2032 Arcadia
390 1995 501 2053 nempe
516 1981 610 2054 virgo,
627 1976 775 2035 Palladios
789 1977 895 2036 choros

247 2068 321 2127 dum
335 2074 443 2142 nectit,
458 2070 557 2147 Auge,
572 2075 631 2128 vim
648 2075 744 2148 stupri
759 2091 845 2147 passa
859 2072 982 2143 excidit,

247 2162 422 2240 nullamque
436 2170 544 2222 amoris
560 2164 711 2222 Hercules
725 2169 967 2231 retinetnotam.

247 2255 377 2313 referam
392 2258 464 2336 quid
478 2258 575 2315 alias?
617 2277 728 2334 nempe
742 2257 931 2335 Thespiades
945 2268 1053 2318 vacant

247 2350 392 2428 brevique
406 2356 438 2408 in
452 2352 518 2409 illas
533 2356 606 2409 arsit
622 2351 746 2410 Alcides
760 2351 835 2410 face.
1094 2358 1153 2416 ³70

247 2442 358 2521 hospes
372 2445 482 2503 Timoli
496 2445 625 2524 Lydiam
639 2445 716 2503 fovit
730 2466 840 2505 nurum

248 2546 281 2595 et
295 2558 396 2597 amore
411 2548 517 2615 captus
531 2539 570 2597 ad
585 2540 667 2598 leves
682 2539 762 2598 sedit
776 2540 870 2612 colus,

247 2632 342 2690 udum
356 2632 450 2692 feroci
465 2642 584 2692 stamen
598 2639 777 2712 intorquens
790 2655 891 2692 manu.

247 2745 360 2803 nempe
374 2727 426 2785 illa
440 2733 540 2787 cervix
556 2729 650 2806 spolia
664 2729 806 2806 deposuit
819 2728 902 2788 ferae

248 2824 423 2900 crinemque
437 2826 528 2891 mitra
541 2827 652 2900 pressit
667 2831 699 2881 et
713 2822 845 2881 famulus
860 2827 957 2896 stetit,

248 2915 360 2974 hirtam
374 2915 490 2975 Sabaea
503 2917 653 2975 marcidus
668 2917 790 2995 myrrha
804 2936 930 2976 comam.

248 3009 361 3087 ubique
376 3010 478 3082 caluit,
494 3011 548 3069 sed
562 3011 622 3069 levi
637 3011 729 3069 caluit
744 3010 819 3071 face.

623 3166 633 3199 ²
651 3168 775 3219 Hesiona

251 3256 309 3308 212
