2538 3846
354 297 442 354 THE
470 297 709 357 TRAGEDIES
735 298 789 356 OF
821 298 982 356 SENECA

593 449 742 487 THYESTES

255 537 349 610 Quid,
362 542 473 608 anime,
487 535 605 615 pendes
619 537 730 615 quidve
746 538 905 596 consilium
919 538 972 597 diu

214 637 278 687 tam
291 628 381 686 facile
394 629 541 704 torques?
583 629 673 685 rebus
687 632 903 700 incertissimis,

214 717 301 776 fratri
314 724 406 795 atque
421 736 526 794 regno,
541 717 639 775 credis
653 737 688 774 ac
702 722 814 776 metuis
828 719 908 776 mala

215 811 275 865 iam
288 811 377 878 victa,
393 811 450 864 iam
465 816 624 866 mansueta
638 815 671 865 et
684 827 844 866 aerumnas
857 807 938 886 fugis

215 898 295 955 bene
309 896 491 955 collocatas?
532 917 598 955 esse
612 901 673 954 iam
686 901 831 955 miserum
844 903 936 956 iuvat.

214 986 338 1071 reflecte
352 1006 498 1062 gressum,
513 986 588 1044 dum
602 986 685 1058 licet,
699 995 793 1065 teque
809 992 901 1065 eripe.

593 1130 772 1205 rauracus*
846 1217 855 1227 ·

255 1254 342 1327 Quae
357 1274 445 1313 causa
459 1259 552 1333 cogit,
566 1259 698 1332 genitor,
712 1276 730 1312 a
744 1260 842 1332 patria
856 1257 984 1334 gradum

214 1343 328 1403 referre
342 1338 441 1403 vis'a't
470 1364 523 1402 cur
537 1346 624 1403 bonis
638 1348 733 1402 tantis
747 1350 847 1404 sinum
1060 1354 1120 1405 430

214 1433 378 1492 subducis?
421 1438 467 1492 ira
479 1435 574 1493 frater
587 1436 706 1493 abiecta
721 1436 801 1493 redit

214 1531 393 1601 partemque
407 1529 495 1600 regni
509 1522 612 1589 reddit
626 1533 659 1582 et
672 1523 790 1583 lacerae
804 1523 911 1584 domus

214 1618 369 1691 componit
383 1621 467 1671 artus
481 1622 574 1691 teque
590 1618 726 1673 restituit
739 1617 804 1673 tibi.

592 1785 742 1824 renueras

254 1863 382 1922 Causam
395 1867 511 1923 timoris
526 1850 590 1945 ipse
605 1884 696 1942 quam
711 1870 817 1941 ignoro
832 1869 935 1943 exigis.

213 1952 290 2011 nihil
304 1954 475 2013 timendum
491 1948 588 2026 video,
603 1953 658 2012 sed
672 1959 766 2013 timeo
780 1963 892 2013 tamen.

213 2043 316 2121 placet
329 2049 383 2115 ire,
398 2048 492 2121 pigris
505 2046 642 2102 membra
656 2043 710 2103 sed
725 2048 854 2122 genibus
867 2045 973 2105 labant

214 2133 333 2211 alioque
347 2153 438 2211 quarn
452 2153 512 2211 quo
526 2138 607 2192 nitor
622 2134 771 2192 abductus
785 2134 874 2193 feror.

214 2228 257 2281 sic
271 2227 454 2281 concitatam
468 2229 584 2302 remige
599 2233 632 2282 et
647 2224 715 2281 velo
729 2220 827 2285 ¹ratem

214 2321 315 2372 aestus
330 2317 474 2373 resistens
488 2319 597 2392 remigi
611 2322 644 2373 et
660 2314 728 2373 velo
743 2314 846 2373 refert.

592 2482 743 2523 raurauvs

256 2561 370 2619 Evince
383 2560 531 2640 quidquid
545 2563 646 2621 obstat
661 2570 694 2621 et
707 2571 845 2621 mentem
859 2562 989 2639 impedit
1059 2570 1119 2621 440

213 2652 417 2729 reducemque
432 2660 546 2729 quanta
559 2657 693 2730 praemia
707 2660 874 2731 expectent
888 2651 965 2710 vide.

213 2751 311 2819 pater,
324 2749 413 2818 potes
427 2761 562 2818 regnare.

591 2850 741 2890 rnvnsrns

566 2929 642 2987 Cum
657 2934 768 3006 possim
782 2933 866 2987 mori.

246 3052 256 3084 ¹
273 3052 315 3104 te.
330 3051 407 3102 made
418 3052 465 3103 the
476 3052 536 3102 best
547 3051 574 3101 ol
585 3050 622 3116 by
633 3051 753 3117 learning
765 3052 825 3102 how
837 3057 866 3103 to
877 3051 940 3102 bear
951 3054 1032 3103 them.

246 3118 408 3184 ²Blessings
426 3133 470 3167 are
489 3117 568 3182 being
584 3115 685 3182 poured
702 3117 760 3166 into
777 3117 818 3167 his
835 3117 925 3168 bosom
943 3119 996 3169 and
1013 3119 1046 3168 he
1063 3119 1119 3169 will

215 3190 262 3234 not
273 3186 376 3235 receive
387 3184 469 3233 them.

218 3265 274 3326 126
