2538 3846
352 311 441 368 THE
468 306 710 367 TRAGEDIES
739 307 794 403 Oll
822 307 983 366 SENECA

214 426 378 503 implicitus
392 424 505 497 horres,
520 428 655 503 quisquis
670 427 817 481 immissas
831 423 913 481 faces

213 522 375 576 semiustus
389 517 495 594 abigis,
509 514 630 573 Tantali
644 533 749 572 vocem
764 518 870 591 excipe
1082 520 1120 571 80

213 611 403 685 properantis
418 607 457 664 ad
471 627 540 665 vos:
562 604 678 663 credite
693 612 820 680 experto
834 604 919 675 mihi,

214 705 314 754 amate
328 716 449 774 poenas.
493 694 614 773 quando
629 698 789 770 continget
802 693 876 751 mihi

215 788 348 864 effugere
364 788 507 863 superos?

621 884 708 923 rvura

421 1016 424 1021 ,
508 972 592 1030 Ante
607 972 751 1048 perturba
764 971 888 1029 domum

218 1064 359 1142 inferque
372 1072 476 1121 tecum
490 1062 604 1139 proelia
618 1069 652 1119 et
664 1060 737 1119 ferri
751 1061 865 1119 malum

217 1156 339 1232 regibus
353 1173 497 1225 amorem,
512 1159 641 1210 concute
655 1155 762 1209 insano
776 1150 875 1209 ferum

216 1253 324 1323 pectus
338 1244 483 1303 tumultu.

542 1342 670 1381 usurum
691 1341 793 1380 vunnu

480 1432 533 1489 Me
548 1435 612 1507 pati
626 1449 739 1507 poenas
754 1429 854 1500 decet,

216 1542 279 1579 non
294 1541 360 1580 esse
375 1541 512 1598 poenum.
555 1525 662 1578 mittor
677 1528 711 1577 ut
725 1519 807 1581 dirus
822 1538 913 1596 vapor

217 1610 328 1669 tellure
344 1619 432 1687 rupta
447 1611 495 1669 vel
511 1629 634 1687 gravem
649 1607 768 1685 populis
783 1606 865 1665 luem

219 1702 475 1777 sparsura'pestis,
490 1699 600 1757 ducam
614 1703 646 1756 in
660 1696 846 1755 horrendum
860 1698 945 1756 nefas

218 1810 290 1848 avus
303 1799 440 1867 nepotes.
483 1808 594 1866 magne
609 1789 746 1846 divorum
760 1807 869 1864 parens

218 1888 392 1958 nosterque,
407 1884 543 1958 quamvis
557 1879 682 1956 pudeat,
696 1881 816 1955 ingenti
830 1877 903 1937 licet

218 1972 321 2029 taxata
335 1972 434 2048 poena
447 1960 552 2047 lingua
566 1964 717 2027 crucietur
730 1969 850 2046 loquax,

218 2079 276 2117 nec
291 2059 350 2117 hoc
364 2061 489 2128 taceb03
510 2079 630 2131 moneo,
644 2079 684 2116 ne
698 2059 801 2117 sacral
816 2078 922 2117 manus

219 2148 331 2206 violate
345 2149 439 2206 caede
453 2168 531 2206 neve
545 2148 646 2206 furiali
660 2148 740 2204 malo

220 2243 373 2315 aspergite
387 2258 460 2296 aras.
504 2240 591 2297 stabo
606 2245 638 2295 et
652 2237 761 2294 arcebo
777 2236 915 2294 scelus—

262 2326 345 2399 Quid
359 2348 410 2385 ora
424 2335 521 2387 terres
536 2329 661 2385 verbere
676 2334 709 2383 et
722 2334 819 2384 tortos
833 2325 919 2383 ferox

220 2422 343 2476 minaris
357 2421 495 2496 angues?
538 2416 612 2495 quid
627 2416 739 2474 famem
753 2415 876 2473 infixam
889 2416 1005 2475 intimis

220 2512 318 2585 agitas
332 2508 496 2566 medullis?
540 2507 647 2583 flagrat
660 2511 818 2564 incensum
833 2510 883 2564 siti

220 2617 272 2654 cor
287 2606 319 2655 et
333 2601 465 2675 perustis
480 2597 599 2654 flamma
613 2598 777 2655 visceribus
790 2601 923 2654 micat-

220 2685 352 2764 sequor.²
1072 2694 1128 2745 100

628 2811 716 2849 Fvula

266 2898 368 2970 Hunc,
383 2897 465 2954 hunc
479 2897 612 2956 furorem
628 2898 730 2956 divide
745 2903 777 2956 in
790 2905 887 2957 totam
904 2900 1046 2958 domum!

223 2992 275 3058 sic,
290 2991 331 3044 sic
346 2987 484 3044 ferantur
498 2995 530 3044 et
544 3008 632 3045 suum
645 2987 757 3045 infensi
771 2992 900 3047 invicem

224 3080 329 3135 sitiant
344 3096 489 3134 cruorem.
533 3082 629 3135 sentit
643 3081 786 3136 introitus
800 3087 869 3137 tuos

321 3179 331 3210 ¹
349 3181 383 3231 So
395 3182 438 3230 A:
455 3181 508 3231 Leo
519 3197 613 3232 sacras.
682 3183 704 3214 '²
722 3184 775 3234 Leo
786 3184 876 3235 ddetca
888 3184 938 3234 rhu
949 3186 1027 3235 word.

225 3269 263 3328 98
