2544 3862
353 248 356 257 1
382 298 471 356 ΤΗΕ
498 297 737 358 TRAGEDIES
766 297 822 357 OF
849 296 1011 356 SENECA

240 422 367 471 externa
381 424 570 486 consecutus,
585 413 728 490 expulsus
741 418 812 486 tuis,

241 499 306 553 sine
321 500 446 554 crimine
461 495 539 554 exul.
583 515 622 553 ne
637 496 743 572 quide
758 495 827 552 fatis
844 497 901 553 tibi

240 576 344 635 desset
357 582 501 653 paternis,
517 578 574 634 hoc
588 596 709 655 qnoque
724 597 761 634 ex
777 577 836 635 illis
850 577 953 647 habeS,

240 678 354 716 errasse
368 658 516 716 thalamis.

503 740 583 797 Nate
597 749 667 817 post
680 739 795 808 multos.
805 738 880 796 mihi

239 824 363 878 remisse
378 820 465 892 soles,
480 829 552 878 nate
568 841 731 897 suspensae
745 828 846 877 metus

240 908 273 958 et
286 920 355 977 spes
369 906 512 978 parentis,
529 906 612 960 cuius
627 910 784 978 aspectum
798 901 872 959 deos

239 1001 359 1059 semper
372 988 484 1059 rogavi,
499 1003 568 1040 cum
582 992 653 1041 tuus
668 983 784 1040 reditus
793 983 873 1039 'mihi

238 1071 360 1121 tantum
374 1073 455 1122 esset
469 1073 639 1142 erepturus,
652 1065 786 1122 adventu
801 1073 855 1122 tuo

239 1153 387 1222 quantum
401 1147 544 1204 daturus:
566 1153 585 1179 “
596 1145 717 1223 quando
730 1165 787 1222 pro
800 1154 832 1204 te
847 1145 985 1202 desinam
995 1145 1011 1164 ”
1084 1153 1144 1204 520

238 1226 301 1283 dixi
316 1234 335 1260 “
345 1232 454 1286 timere
464 1231 475 1285 ἓ
486 1228 502 1247 ”
545 1228 623 1286 dixit
636 1228 772 1284 inridens
785 1226 879 1284 deus:

239 1312 365 1385 “ipsum
379 1309 529 1367 timebis.'’
572 1328 684 1385 nempe
698 1311 756 1366 nisi
770 1308 885 1366 bellum
899 1307 989 1379 foret,

238 1409 296 1465 ego
310 1398 342 1447 te
357 1409 508 1459 carerem;
529 1409 641 1466 nempe
655 1395 680 1448 si
694 1397 729 1447 tn
744 1409 806 1446 non
820 1389 909 1461 fores,

238 1469 319 1526 bello
333 1490 475 1528 carerem.
518 1492 544 1541 a,
559 1476 647 1529 triste
662 1478 842 1546 conspectus
856 1471 946 1528 datur

238 1556 370 1626 prctium
385 1555 432 1609 tui
445 1552 625 1629 durumque,
641 1552 695 1609 sed
709 1556 799 1610 matri
813 1552 923 1629 placet.

238 1631 309 1688 hinc
324 1632 414 1690 modo
427 1633 574 1692 recedant
586 1653 678 1704 arma,
693 1633 766 1690 dum
781 1633 900 1690 nullum
913 1631 999 1690 nefas

238 1714 320 1771 Mars
335 1733 440 1773 saevus
454 1715 548 1772 audet
560 1734 568 1783 3
589 1715 647 1772 hoc
661 1733 782 1792 qnoque
797 1723 845 1772 est
858 1734 1004 1792 magnum
1018 1714 1114 1787 nefas,

236 1802 300 1852 tam
314 1815 408 1873 prope
422 1795 523 1854 fuisse.
567 1805 676 1873 stupeo
691 1804 724 1854 et
737 1801 883 1873 exanguis
897 1804 1005 1866 tremo,

237 1896 306 1933 cum
321 1885 400 1935 stare
415 1877 523 1935 fratres
537 1878 609 1935 hinc
624 1886 657 1935 et
670 1877 742 1934 hine
757 1876 845 1935 video
859 1878 935 1936 duos

236 1957 358 2016 sceleris
372 1959 428 2017 sub
442 1964 514 2016 ictu.
557 1960 693 2017 membra
707 1966 887 2037 quassantur
900 1966 986 2017 metu
998 1977 1006 2026 3
1081 1965 1141 2017 530

236 2058 327 2115 quam
341 2060 439 2115 paene
453 2049 551 2098 mater
564 2045 661 2098 maius
674 2043 777 2116 aspexi
792 2039 888 2111 nefas,

236 2139 327 2196 quam
341 2121 423 2196 quod
436 2126 527 2178 miser
540 2121 645 2179 videre
659 2141 721 2178 non
735 2125 837 2197 potuit
850 2129 945 2197 pater.

235 2199 308 2258 licet
321 2204 430 2259 timore
444 2200 584 2260 facinoris
597 2207 677 2260 tanti
692 2222 795 2259 vacem

236 2280 415 2359 videamque
430 2287 490 2340 iam
504 2283 547 2340 nil
561 2283 634 2357 tale,
649 2304 715 2341 sum
729 2283 837 2341 infelix
852 2291 956 2341 tamen

235 2363 316 2440 quod
330 2384 428 2442 paene
441 2365 511 2423 vidi.

519 2447 577 2504 Per
591 2448 699 2504 decem
713 2465 852 2503 mensum
870 2466 977 2523 graves

235 2531 314 2583 uteri
329 2526 446 2585 labores
460 2547 575 2606 perque
589 2533 738 2605 pictatem
752 2528 875 2585 inclitae

235 2627 342 2683 precor
355 2613 462 2667 sororis
477 2617 510 2666 et
524 2629 579 2687 per
593 2614 661 2667 irati
676 2611 732 2666 sibi

235 2707 329 2762 genas
344 2694 488 2765 parentis,
503 2691 617 2749 scelere
632 2711 706 2767 quas
720 2690 805 2748 nullo
819 2709 941 2761 nocenS,

234 2773 342 2826 erroris
355 2790 373 2826 a
387 2790 418 2827 se
433 2770 497 2828 dira
512 2772 657 2849 supplicia
672 2776 807 2848 exigenS,

234 2849 523 2910 hausit-nefandas
536 2855 694 2911 moenibus
708 2858 812 2930 patriis
826 2852 907 2910 faces
1078 2861 1140 2912 540

233 2939 347 3002 averte,
362 2936 448 3008 signa
461 2934 563 2991 bellici
576 2943 658 2992 retro
670 2939 799 3011 agminis

233 3011 330 3071 flecte.
374 3023 409 3073 ut
422 3015 555 3087 recedas,
569 3036 679 3092 magna
693 3035 761 3091 pars
775 3016 897 3073 sceleris
910 3024 1013 3073 tamen

234 3098 325 3151 vestri
340 3105 463 3173 peracta
477 3106 524 3155 est
537 3116 544 3166 ;
566 3098 642 3155 vidit
656 3096 758 3155 hostili
772 3117 866 3174 grege

233 3263 292 3324 386
