2432 3838
493 839 794 914 AGAMEMN
797 840 875 914 ΟΝ
925 914 937 927 ,

549 1058 692 1097 THYFSHS
711 1058 813 1098 WBRA

233 1150 336 1207 Ornos
349 1147 492 1225 linquens
506 1147 588 1204 Ditis
600 1146 713 1204 inferni
726 1147 792 1204 loca

231 1239 339 1298 adsum
352 1236 503 1315 profundo
517 1237 634 1295 Tartari
648 1241 775 1295 emissus
789 1256 893 1314 specu,

231 1336 365 1388 incertus
378 1336 461 1386 utras
476 1327 592 1386 oderim
606 1327 695 1386 sedes
709 1331 847 1405 magis—

230 1421 316 1498 fugio
329 1419 479 1495 ssyestes
493 1416 617 1488 inferos,
630 1437 754 1494 superos
768 1417 849 1495 fugo.

232 1530 272 1568 en
286 1510 391 1567 horret
404 1511 522 1565 animus
536 1514 570 1564 et
582 1526 675 1584 pavor
687 1508 823 1564 membra
837 1512 974 1565 excutit:

231 1599 321 1656 video
335 1605 488 1675 paternos,
501 1601 594 1654 immo
608 1596 757 1654 fraternos
770 1597 856 1655 lares.

232 1690 291 1746 hoc
305 1695 354 1746 est
366 1695 522 1745 vetustum
537 1685 678 1763 Pelopiae
692 1685 787 1744 limen
801 1685 908 1745 domus
921 1708 928 1755 ;

233 1780 305 1837 hine
318 1780 465 1854 auspicari
479 1780 597 1853 regium
612 1779 704 1852 capiti
718 1775 811 1834 decus

232 1889 298 1927 mos
311 1876 360 1926 est
375 1866 517 1943 Pelasgis,
532 1865 590 1923 hoc
603 1865 714 1923 sedent
726 1866 781 1924 alti
794 1875 862 1924 toro

232 1960 342 2038 quibus
355 1958 485 2033 superba
497 1964 618 2032 sceptra
630 1963 791 2033 gestantur
804 1977 907 2029 manu,
1102 1967 1144 2019 10

234 2049 318 2106 locus
332 2047 383 2104 hic
396 2045 556 2104 habendae
570 2046 762 2103 curiae—hic
777 2047 874 2123 epulis
887 2048 979 2106 locus.

276 2136 369 2193 Libet
381 2137 501 2193 reverti
544 2153 647 2192 nonne
661 2134 710 2191 vel
724 2139 828 2194 tristes
841 2135 924 2195 lacus

234 2226 367 2284 incolere
381 2230 484 2296 satius,
498 2243 600 2282 nonne
614 2223 773 2282 custodem
787 2225 890 2304 Stygis

234 2320 398 2394 trigemina
410 2319 505 2392 nigris
518 2314 595 2372 eolla
608 2318 773 2373 iactantem
786 2318 887 2374 iubis?

235 2409 288 2465 ubi
301 2405 354 2464 ille
368 2405 462 2464 celeri
476 2424 583 2481 eorpus
597 2409 736 2463 evinctus
749 2414 833 2465 rotae

235 2502 268 2554 in
281 2517 315 2555 se
327 2496 469 2567 refertur,
482 2495 535 2553 ubi
548 2515 604 2570 per
617 2495 776 2553 adversum
793 2501 895 2555 irritus

236 2587 385 2645 redeunte
398 2589 513 2644 totiens
526 2584 643 2642 luditur
656 2605 727 2643 saxo
740 2586 834 2657 labor,

236 2677 288 2734 ubi
302 2675 412 2733 tondet
425 2674 488 2730 ales
501 2674 589 2731 avida
602 2674 768 2733 fecundum
781 2681 875 2749 iecur,

234 2775 268 2824 et
281 2771 364 2823 inter
377 2764 474 2822 undas
487 2763 603 2821 fervida
617 2773 741 2823 exustus
754 2772 804 2824 siti

233 2876 327 2934 aquas
339 2855 464 2932 fugaces
477 2874 529 2911 ore
542 2854 674 2931 decepto
686 2862 807 2933 appetit

235 2965 349 3023 poenas
362 2945 488 3003 daturus
502 2944 644 3002 caelitum
658 2945 786 3021 dapibus
800 2967 915 3023 graves.

234 3036 289 3095 sed
304 3035 357 3094 ille
370 3042 492 3092 nostrae
505 3054 574 3110 pars
588 3042 681 3112 quota
695 3043 743 3092 est
754 3036 861 3111 culpae
875 3042 992 3095 senex?

234 3134 412 3202 reputemus
425 3143 531 3181 omnes
544 3143 619 3200 quos
633 3125 673 3181 ob
686 3123 825 3182 infandas
838 3145 945 3184 manus
