2556 3844
357 282 445 342 THE
473 281 712 342 TRAGEDIES
741 282 796 341 OF
824 280 985 342 SENECA

212 400 320 458 dextra
333 404 520 477 inquinetur,
533 399 673 458 laudibus
688 399 836 456 maculam
850 404 1033 477 imprimam,

214 514 348 553 summus
361 496 482 572 legatur
494 494 609 553 femina
623 494 795 552 Herculeus
809 494 900 551 labor.

611 673 722 712 arrivs

258 758 422 837 Compesce
435 761 525 832 diras,
539 765 670 838 genitor,
684 765 796 818 irarum
809 764 924 829 minas3

216 854 319 926 habet,
334 864 491 931 peractum
505 864 562 926 est,
576 875 650 932 quas
664 860 744 932 petis
758 874 871 932 poenas
885 854 991 922 dedit;

218 967 271 1005 sua
284 956 443 1024 perempta
456 948 584 1006 dextera
597 955 695 1006 mater
708 953 796 1007 iacet.

599 1125 747 1164 usacvms

260 1212 378 1271 Cecidit
392 1213 495 1271 dolose
507 1214 538 1283 1;
560 1215 698 1271 manibus
713 1218 781 1272 irati
797 1212 939 1271 Herculis

218 1307 356 1364 occidere
370 1312 500 1375 meruit;
520 1308 655 1385 perdidit
669 1313 812 1366 comitem
827 1307 943 1364 Lichas.
1045 1304 1122 1364 1460

220 1406 333 1459 saevire
347 1406 380 1458 in
394 1406 492 1479 ipsum
508 1422 614 1479 eorpus
629 1407 768 1460 exanime
783 1406 915 1478 impetus

219 1504 312 1572 atque
326 1499 370 1552 ira
383 1500 473 1573 cogit.
517 1515 571 1553 eur
584 1500 673 1554 minis
688 1500 798 1554 nostris
813 1504 897 1553 caret

220 1593 319 1665 ipsum
333 1588 483 1647 cadaver?
524 1588 669 1666 pabulum
683 1594 834 1666 accipiant
848 1589 939 1647 ferae.

617 1781 727 1819 nvttvs

263 1866 334 1926 Plus
346 1871 457 1925 misera
469 1866 551 1925 laeso
564 1867 680 1937 doluit3
701 1868 773 1926 hinc
786 1867 901 1945 aliquid
915 1885 1035 1944 quoque

221 1961 383 2021 detrahere
397 1962 499 2021 velles.
543 1963 654 2020 occidit
668 1963 776 2020 dextra
791 1982 852 2032 sua,
903 2008 913 2023 .

221 2063 275 2113 tuo
290 2056 393 2114 dolore
406 2075 414 2124 ;
435 2057 522 2134 plura
536 2077 627 2133 quam
640 2061 738 2134 poscis
752 2056 832 2114 tulit.

222 2149 352 2207 sednon
366 2158 510 2208 eruentae
524 2149 687 2208 sceleribus
701 2159 816 2228 nuptae
830 2154 909 2208 iaces

222 2262 280 2301 nec
294 2242 400 2301 fraude
414 2248 519 2302 matris
531 2263 538 2314 ;
561 2244 674 2303 Nessus
690 2244 744 2302 hos
759 2249 869 2303 struxit
883 2242 968 2301 dolos

222 2341 301 2395 ictus
315 2342 433 2414 sagittis
448 2342 499 2416 qui
513 2343 574 2396 tuis
587 2342 681 2396 vitam
696 2344 810 2416 expuit.

223 2451 328 2490 cruore
342 2436 439 2490 tincta
453 2441 501 2491 est
514 2431 594 2510 palla
608 2433 750 2504 semiferi,
765 2441 862 2510 pater,
1049 2433 1127 2490 1470

224 2526 397 2604 Nessusque
412 2548 494 2585 nunc
508 2528 562 2585 has
577 2532 673 2605 exigit
687 2548 800 2605 poenas
816 2530 880 2587 sibi.

603 2743 750 2782 arnovius

266 2828 382 2899 Habet,
395 2838 553 2905 peractum
568 2839 625 2903 est,
639 2831 702 2888 fata
717 2851 748 2889 se
763 2839 867 2888 nostra
880 2830 1034 2906 explicant
1047 2848 1055 2898 3

223 2923 276 2980 lux
289 2926 348 2980 ista
361 2943 478 2981 summa
492 2933 548 2983 est.
590 2945 718 3002 quercus
733 2925 811 2982 hanc
825 2933 938 2982 sortem
952 2923 1027 2980 mihi

256 3102 266 3135 ¹
283 3105 318 3156 So
329 3106 450 3156 Richter:
467 3107 559 3157 relicte
575 3106 651 3157 dolor
668 3123 696 3156 es
713 3106 781 3156 Leo:
799 3106 870 3156 caeci
880 3104 984 3155 dolores
996 3104 1019 3154 A
1030 3121 1039 3153 .·
1055 3107 1128 3153 recte

225 3169 300 3220 dolor
312 3186 340 3220 es
352 3171 378 3221 E
385 3188 394 3221 .·
410 3173 498 3222 iacet?
515 3175 538 3222 ei
550 3171 636 3222 dolori
648 3177 689 3222 est
702 3172 805 3235 Pciper.

227 3259 285 3311 302
