2556 3844
364 285 454 342 THE
481 283 721 344 TRAGEDIES
750 286 805 344 OF
834 285 994 344 SENECA

226 408 382 458 removete
396 420 508 477 quaeso
521 400 584 457 tela
598 408 631 458 et
644 400 770 458 infestas
781 420 887 477 precor

226 486 323 558 rapite
338 482 409 538 hinc
424 487 566 558 sagittas:
588 487 660 559 igne
675 481 785 539 suffuso
800 501 897 558 genae

227 564 324 621 scelus
337 567 499 621 minantur.
543 583 617 640 quas
631 571 734 640 petam
748 563 879 621 latebras
893 565 990 620 anus?
1051 618 1060 631 ,

226 645 312 702 dolor
326 649 383 702 iste
397 644 480 702 furor
494 653 556 702 est:
581 645 749 702 Herculem
762 645 841 702 solus
855 644 967 702 domat.

227 747 280 783 cur
293 726 406 783 deinde
420 725 550 784 latebras
565 734 617 783 aut
631 726 735 802 fugam
749 746 869 784 vaecors
884 727 1008 802 petam?

227 809 310 865 obire
325 807 396 865 forti
410 812 522 865 meruit
535 807 684 865 Alcmene
698 828 805 865 manu:

226 889 275 946 vel
290 888 404 946 scelere
418 897 533 966 pereat,
548 897 711 966 antequam
725 889 822 946 letum
836 889 911 945 mihi
1055 896 1131 946 1410

226 975 352 1048 ignavus
367 970 473 1047 aliquis
487 971 635 1028 mandet1
650 991 684 1027 ac
698 975 795 1048 turpis
808 990 915 1027 manus

226 1052 266 1109 de
279 1072 329 1109 me
343 1052 520 1129 triumphet.

523 1133 603 1191 Ecce
617 1133 743 1191 lassatus
757 1133 843 1190 malis

227 1234 333 1291 sopore
348 1214 440 1272 fessas
455 1215 560 1291 alligat
573 1235 664 1272 venas
678 1214 764 1272 dolor
852 1240 859 1256 ·
1000 1282 1002 1286 ι

228 1301 370 1374 gravique
383 1296 528 1367 anhelum
542 1305 650 1373 pectus
664 1296 795 1372 impulsu
809 1300 918 1373 quatit.

228 1377 338 1448 favete,
355 1382 463 1454 superi.
507 1383 531 1435 si
545 1378 620 1435 mihi
634 1386 740 1435 natum
754 1378 903 1434 inclutum

227 1463 355 1515 miserae
369 1464 512 1535 negastis,
527 1459 679 1517 vindicem
694 1459 802 1517 saltem
817 1478 923 1536 precor

228 1547 345 1596 servate
359 1544 455 1596 terris.
498 1542 587 1598 abeat
602 1560 743 1598 excussus
757 1540 843 1597 dolor

228 1639 395 1697 corpusque
409 1624 487 1678 vires
501 1630 621 1698 reparet
637 1622 826 1680 Herculeum
840 1642 915 1680 suas,

624 1843 735 1882 HYLLVS

271 1929 328 1986 Pro
342 1929 394 1986 lux
408 1931 524 2001 acerba,
539 1951 594 2007 pro
609 1951 702 2007 capax
717 1931 866 1989 scelerum
880 1931 962 1988 dies!

229 2030 322 2068 nurus
336 2010 483 2069 Tonantis
497 2013 617 2083 occidit,
632 2021 722 2070 natus
736 2017 823 2084 iacet,
1058 2019 1134 2070 1420

229 2104 324 2167 nepos
340 2111 514 2168 supersum3
536 2093 651 2151 scelere
665 2102 804 2151 materno
818 2094 868 2151 hic
882 2099 971 2171 perit,

228 2171 334 2229 fraude
348 2171 400 2228 illa
414 2181 502 2249 capta
516 2181 571 2231 est.
615 2179 681 2252 quis
695 2195 750 2251 per
763 2196 910 2233 annorum
924 2180 1005 2233 vices
1030 2170 1034 2177 ⁴

227 2260 354 2329 totoque
368 2257 401 2309 in
414 2273 488 2311 aevo
502 2259 616 2331 poterit
629 2276 787 2314 aerumnas
798 2277 891 2315 senex

228 2333 342 2392 referre
357 2338 481 2392 tantas?
524 2356 601 2393 unus
616 2341 727 2413 eripuit
741 2339 806 2396 dies

230 2424 389 2492 parentem
404 2425 566 2494 utrumque
579 2438 586 2486 ;
608 2427 711 2476 cetera
725 2428 760 2477 ut
775 2419 879 2477 sileam
893 2420 972 2477 mala

229 2517 410 2576 parcamque
424 2498 504 2569 fatis,
521 2499 687 2582 Herculem
702 2506 810 2559 amitto
823 2510 949 2577 patrem.

612 2719 749 2758 AthuNA

271 2806 435 2883 Compesce
449 2828 548 2880 voceS,
561 2809 710 2866 inclutum
725 2809 851 2866 Alcidae
865 2828 962 2886 genus

229 2891 417 2965 miseraeque
431 2888 495 2946 fato
509 2889 613 2947 similis
628 2890 794 2949 Alcmenae
807 2909 921 2967 nepos:

231 2968 340 3045 longus
355 2970 490 3028 dolorem
504 2970 630 3029 forsitan
645 2976 746 3029 vincet
760 2992 856 3048 sopor.

362 3173 372 3204 ¹
391 3175 425 3224 So
438 3175 460 3225 A
473 3192 481 3225 :
499 3124 626 3226 manliat.
643 3214 648 3225 .
664 3164 835 3243 ‚triumphat
847 3177 899 3229 Leo
910 3177 971 3227 witi
982 3178 1013 3228 ll).

232 3259 289 3318 298
